3142 5036
280 1249 455 1382 orationes
488 1316 637 1400 Lysiacae
672 1335 743 1380 oum
775 1317 895 1382 veteres
928 1316 1169 1399 quadringentas
1198 1317 1312 1399 viginti

186 1422 318 1504 quinque
334 1419 520 1496 statuerent,
542 1419 713 1501 Dionysius
728 1420 832 1482 autem
852 1418 1140 1482 Halicarnassensis
1164 1418 1311 1505 ducentas

187 1520 315 1604 triginta
336 1520 460 1583 tantum
477 1519 629 1602 genuinas
647 1519 839 1601 iudicaret1),
861 1537 918 1583 nos
933 1519 1058 1583 omnino
1074 1519 1206 1602 triginta
1222 1520 1311 1602 quat-

185 1627 255 1690 tuor
275 1661 318 1672 —
340 1643 376 1688 ac
397 1643 436 1688 ne
464 1624 536 1688 illas
565 1624 689 1707 quidem
712 1624 851 1708 integras
880 1625 912 1688 et
933 1625 1041 1707 plenas
1062 1661 1105 1670 -
1127 1625 1312 1708 superstites

184 1728 342 1792 habemus.
388 1726 475 1804 Quod
498 1725 623 1808 quidem
640 1725 673 1788 in
692 1725 781 1789 tanta
796 1725 909 1808 Lysiae
929 1725 1050 1790 dicendi
1076 1726 1261 1807 suavitate2)
1282 1725 1313 1788 et

184 1830 437 1913 argumentorum
465 1829 620 1912 gravitate
630 1829 655 1910 ³)
686 1829 769 1893 certe
785 1844 889 1912 'aegre
920 1829 1081 1894 ferendum
1112 1830 1176 1904 est;
1206 1830 1312 1892 tamen
1406 1886 1411 1891 .

185 1951 256 1995 cum
277 1930 346 1994 fieri
367 1947 429 1992 non
450 1929 564 2012 possit,
596 1927 671 2011 quin
693 1946 743 1991 ars
765 1928 875 1992 critica
897 1928 936 1992 ad
959 1928 1142 2009 superstites
1164 1926 1236 1991 illas
1258 1926 1312 1990 ad-

184 2034 337 2109 hibeatur,
359 2032 459 2096 multo
482 2032 579 2095 etiam
600 2031 774 2114 graviorem
796 2050 852 2095 nos
880 2030 993 2096 fecisse
1015 2032 1167 2096 iacturam
1188 2032 1312 2097 intelle-

184 2160 303 2224 gemus.
343 2140 470 2204 Etenim
491 2139 658 2204 nonnullae
681 2139 884 2222 superstitum
907 2140 1032 2204 illarum
1053 2141 1227 2205 orationum
1250 2141 1312 2205 iam

185 2242 341 2306 veteribus
361 2242 480 2306 criticis
502 2244 663 2325 suspectae
687 2241 880 2320 videbantur,
903 2244 939 2307 ut
961 2243 1060 2308 oratio
1082 2245 1141 2320 IX,
1164 2245 1208 2320 X,
1230 2245 1313 2320 XIV,

185 2347 252 2424 XV,
274 2346 386 2423 XXIV,
412 2347 545 2429 XXX⁴);
579 2347 644 2410 iam
675 2365 747 2411 vero
774 2347 857 2410 haud
886 2348 977 2430 pauci
1004 2347 1065 2411 viri
1086 2347 1169 2412 docti
1190 2350 1314 2412 nostrae

185 2453 314 2530 aetatis,
345 2452 399 2535 qui
429 2452 532 2517 studia
561 2471 617 2517 sua
647 2452 913 2536 cogitationesque
934 2452 967 2539 in
989 2452 1102 2535 Lysiae
1125 2452 1314 2517 orationibus

110 2581 114 2588 ¹
185 2555 358 2619 tractandis
384 2555 618 2637 collocavere⁶);
648 2574 763 2639 magna
793 2556 964 2638 sagacitate
994 2557 1026 2619 et
1042 2556 1207 2621 'industria
1229 2576 1313 2620 oom-

185 2658 289 2740 plures
310 2657 436 2722 illarum
458 2658 633 2724 orationum
665 2659 785 2742 spurias
816 2658 995 2723 iudicandas
1025 2678 1092 2724 esse
1121 2658 1313 2724 demonstra-

187 2763 298 2825 verunt
325 2780 382 2825 nec
411 2762 516 2826 miuus
544 2763 680 2846 reliquas
711 2763 743 2826 et
774 2762 1065 2846 interpolationibus
1095 2764 1253 2846 corruptas
1283 2763 1314 2827 et

187 2863 308 2927 lacunis
328 2862 460 2927 refertas
481 2881 549 2928 esse
571 2882 746 2946 exposuere.
783 2863 832 2927 Ita
850 2882 957 2928 omnes
971 2863 1037 2928 fere
1053 2864 1092 2927 ad
1105 2883 1202 2927 unum
1217 2863 1314 2926 inter-

188 2965 291 3046 pretes
312 2965 483 3029 orationem
503 2966 622 3029 sextam
644 2967 752 3030 eontra
773 2966 965 3030 Andocidem
985 2968 1135 3043 habitam,
1158 2986 1236 3050 quae
1259 2967 1315 3031 sub

188 3063 302 3144 Lysiae
331 3064 455 3126 nomine
485 3065 574 3127 nobis
604 3063 719 3128 tradita
749 3064 810 3139 est,
841 3084 902 3130 non
924 3086 1030 3130 revera
1051 3069 1229 3151 Lysiaoam,
1262 3068 1315 3132 sed

190 3168 228 3231 ab
252 3167 371 3231 oratore
394 3167 507 3250 Lysiae
530 3170 652 3252 aequali
679 3170 828 3251 scriptam
850 3188 918 3234 esse
939 3172 1123 3255 iudicant⁶);
1156 3174 1315 3256 praeterea

191 3272 286 3336 etiam
304 3272 459 3336 orationes
477 3274 517 3349 H,
537 3273 590 3350 XI,
606 3273 665 3337 XX
679 3273 792 3356 Lysiae
810 3274 985 3356 suppositas
1005 3292 1072 3338 esse
1091 3296 1109 3339 a
1125 3278 1201 3342 viris
1218 3274 1317 3340 doctis

245 3488 377 3569 '1)P1ut.
396 3500 493 3555 vitex
511 3505 577 3557 orat.
596 3516 623 3569 p.
643 3500 703 3556 137:
729 3502 864 3574 ᾳιέρονται
889 3497 914 3552 δ’
934 3496 1019 3552 αὑτοῦ
1043 3493 1124 3569 λόγοι
1147 3495 1319 3571 τετρακόσιοι

189 3595 276 3647 εἴκοσι
296 3594 387 3644 πέντε·
404 3584 509 3645 τούτων
526 3595 658 3661 γνησίους
682 3590 772 3660 φασὶν
798 3589 825 3640 οἱ
845 3588 910 3659 περὶ
929 3581 1082 3641 Διονύσιον
1109 3588 1157 3639 καὶ
1173 3588 1318 3640 Καικίλιον

192 3672 263 3734 εἶναι
280 3679 440 3738 διακοσίους
457 3673 604 3750 τριάκοντα
623 3677 719 3749 (τρεῖς)
737 3675 787 3728 hoc
805 3672 914 3727 verbum
932 3688 948 3728 e
967 3672 1064 3727 Photio
1082 3671 1209 3726 additum.
1238 3671 1317 3726 Blass

190 3768 285 3823 Gesch.
305 3766 352 3821 der
369 3758 577 3821 att.·Beredtsk.
595 3783 621 3835 p.
640 3765 699 3822 345.
719 3781 758 3832 sq.
777 3762 920 3817 Francken
938 3762 1036 3818 comm.
1057 3762 1161 3833 Lysiae.
1180 3779 1206 3832 p.
1226 3764 1268 3817 19.

258 3859 286 3922 2)
307 3857 359 3910 (lic.
377 3856 454 3911 Brut.
472 3859 487 3923 ς
504 3856 539 3913 35
557 3855 630 3910 Orat.
649 3858 663 3923 5
680 3858 714 3911 29
732 3858 747 3922 ξ
763 3855 824 3909 226.
1199 3908 1203 3917 ,

260 3948 288 4015 3)
309 3946 419 4000 Renner
435 3945 533 4001 comm.
552 3944 726 4014 Lysiacarum
743 3944 831 4012 capita
848 3942 902 3997 dno
915 3942 1074 4010 Goettingae
1087 3941 1155 3996 1869
1168 3957 1228 4011 pag.
1242 3943 1257 3996 1
1276 3957 1316 4010 sq.

261 4031 291 4101 4)
309 4031 437 4099 Harpocr.
456 4031 533 4086 lexic.
554 4031 589 4085 ad
608 4032 641 4086 X.
660 4036 728 4086 orat.
747 4031 826 4085 Blass
844 4030 861 4084 l.
881 4044 903 4083 c.
922 4043 982 4098 pag.
1001 4028 1054 4083 348
1070 4030 1098 4083 ff.

258 4117 286 4185 5)
305 4117 432 4186 imprimis
447 4117 602 4184 Hoelscher,
620 4117 741 4183 Scheibe,
767 4115 921 4182 Francken,
939 4114 1083 4182 Hamaker,
1105 4116 1184 4171 Blass
1199 4122 1249 4171 etc.

262 4206 292 4272 6)
312 4206 369 4259 Iam
387 4205 516 4274 Harpocr.
534 4210 672 4274 suspecta,
697 4204 790 4273 (habet
808 4203 850 4258 bis
871 4207 897 4259 et
916 4202 1041 4275 γνήσιος)
1059 4204 1139 4258 etiam
1158 4204 1319 4258 Ruhnkenio

193 4302 221 4350 et
239 4294 367 4349 Sluitero:
386 4293 532 4349 Hoelscher
549 4293 582 4347 de
599 4294 654 4347 vita
673 4297 700 4347 et
717 4291 822 4361 scriptis
840 4290 904 4359 Lys.
934 4306 961 4359 p.
981 4291 1015 4344 56
1033 4306 1072 4358 sq.
1092 4289 1230 4344 Foertsch.
1247 4289 1319 4342 Com.

192 4383 283 4437 critica
305 4382 378 4452 Lips.
404 4382 480 4437 1829.
505 4382 649 4440 Francken
671 4395 733 4451 pag.
750 4379 876 4435 43-53.
901 4378 987 4433 Blass.
1009 4393 1071 4447 pag.
1089 4377 1148 4431 576.
1175 4378 1264 4431 Franz
1286 4376 1320 4433 de

195 4467 277 4539 Lysia
294 4484 320 4537 p.
339 4467 424 4522 8-10
442 4465 510 4521 hanc
528 4465 675 4520 orationem
692 4463 835 4534 genuinam
852 4476 912 4516 esse
929 4460 1044 4530 probare
1063 4458 1162 4513 studet.
