3142 5036
587 269 904 337 '-34—-

325 448 385 512 Sed
408 447 533 511 omnino
556 448 623 511 tota
645 446 872 529 argumentatio
895 446 968 527 a§o
984 446 1092 509 octava
1113 461 1208 526 usque
1231 443 1268 506 ad
1290 445 1366 525 §um

240 569 353 615 nonam
376 566 393 613 e
415 550 600 614 Franckenii
623 550 780 614 sententia
802 550 908 613 abesse
922 550 1041 631 potuit!
1065 549 1169 627 Quid?
1191 568 1251 631 qua
1272 568 1367 613 oausa

239 649 388 713 adduotus
410 650 469 713 hoo
497 648 646 712 iudicium
667 649 876 713 Franckenius
905 647 1100 731 profiteatur,
1132 649 1274 731 equidem
1303 668 1366 712 non

239 752 330 834 plane
346 750 504 834 intellego.
538 752 664 815 Etenim
686 751 868 815 crediderim
886 752 1013 815 haerere
1028 770 1099 815 omn
1114 751 1148 814 in
1162 771 1277 816 conexu
1293 769 1366 815 sen-

239 856 409 920 tentiarum
431 857 626 938 sequentium
649 858 722 931 ιτιδς
736 852 798 943 ydp
820 855 904 932 κτλ.,
929 856 962 919 in
984 874 1044 937 qua
1064 856 1159 919 multi
1172 856 1366 919 haesitavere

239 960 441 1042 interpretem
464 960 518 1024 sed
539 960 606 1043 ipse
621 960 758 1023 Batavus
774 959 1007 1041 argumentatur
1028 959 1110 1022 inter
1123 958 1225 1040 priora
1247 957 1366 1034 stilla,

242 1078 320 1142 quae
344 1062 513 1142 sequuntur
535 1061 670 1143 aliquem
692 1061 815 1124 -etsi
835 1061 954 1124 malum
975 1097 1018 1106 -
1043 1060 1232 1126 intercedere
1254 1081 1368 1126 nexum

241 1165 283 1246 (p.
308 1165 393 1245 197).
434 1163 542 1247 Neque
564 1166 670 1228 tamen
697 1163 747 1227 illi
777 1164 930 1228 assentior
959 1164 995 1228 de
1023 1165 1107 1229 malo
1129 1183 1216 1242 nexu,
1247 1165 1299 1229 sed
1329 1164 1368 1226 de

209 1342 213 1349 ,
240 1268 299 1333 h'ao
322 1270 503 1351 quaestione
524 1269 607 1333 infra
622 1288 749 1352 agemus
766 1270 799 1332 in
814 1269 979 1333 refutanda
997 1269 1168 1334 Hamakeri
1182 1271 1367 1334 coniectura.

242 1375 328 1453 Quod
351 1375 451 1458 ipsam
474 1375 663 1438 sententiam
672 1387 678 1397 ’·
686 1374 810 1438 illamm
827 1375 954 1456 §ssorum
975 1375 1099 1453 attinet,
1115 1395 1171 1439 neo
1186 1377 1368 1458 tautologia,

241 1490 298 1536 neo
320 1472 468 1555 languida
498 1492 554 1537 neo
583 1474 685 1538 verbis
713 1473 818 1556 inepte
848 1492 992 1556 expressa
1015 1477 1079 1553 est,
1104 1478 1149 1540 ita
1171 1477 1311 1559 quidem,
1332 1480 1370 1540 ut

242 1595 303 1639 non
325 1576 426 1639 solum
449 1576 525 1639 ferri
548 1577 657 1659 possit,
686 1576 739 1641 sed
765 1577 844 1640 mihi
872 1577 986 1641 itemm
1009 1580 1101 1661 atque
1130 1581 1246 1645 iterum
1267 1581 1369 1664 perle-

239 1677 330 1759 genti
343 1677 456 1759 Lysiae
477 1677 585 1759 generi
606 1676 728 1741 dioendi
747 1677 838 1760 plane
853 1680 1084 1744 adcommodata
1105 1682 1245 1746 videatur
1261 1683 1370 1764 esse1).

326 1782 345 1862 ξ
370 1783 419 1844 12.
462 1781 657 1845 infinitivum
680 1778 891 1857 ἐξαιτεῖσθαι
922 1783 985 1846 iam
1014 1785 1159 1849 Reiskius
1182 1786 1294 1849 maluit
1314 1804 1371 1867 pro

242 1885 442 1964 ἑξαιτεῖσθε,
468 1887 548 1968 quod
571 1886 637 1950 eod.
659 1885 822 1951 Palatinus
849 1886 1015 1952 manifeste
1037 1890 1214 1972 eorruptum
1237 1891 1371 1961 exhibet.

244 1990 316 2054 dod.
346 1991 573 2055 Laurentianus
603 1992 730 2073 praebet
766 1992 969 2056 indicativum
998 1990 1246 2078 ἐξαιτήσονται,
1279 2012 1372 2076 quem

242 2095 401 2159 Bekkerus
423 2095 667 2176 Turieensesque
686 2096 877 2178 receperunt
911 2095 1103 2160 Infinitivum
1126 2099 1232 2161 eontra
1253 2097 1373 2179 recepit

243 2191 501 2256 Westermannus
524 2193 556 2255 et
579 2192 756 2268 Soheibius,
780 2193 833 2274 qui
854 2192 955 2256 addit:
986 2193 1080 2270 „Nisi
1100 2195 1235 2258 statuere
1257 2195 1372 2258 velise

226 2297 399 2379 superiore
422 2297 514 2361 verbo
546 2292 746 2382 ποιήσουσιν
777 2297 968 2362 infinitivum
991 2297 1201 2375 ἐξαιτεῖσθαι
1228 2301 1372 2383 pendere,

243 2414 297 2477 pro
321 2395 376 2459 illo
407 2397 461 2459 aut
482 2393 734 2484 ἐπιχειρήσουσι
764 2397 816 2461 vel
838 2394 1016 2483 ζητήσουσι
1040 2401 1289 2465 substituendum
1317 2406 1374 2466 aut

245 2497 308 2563 tale
329 2499 456 2562 verbum
478 2499 594 2563 alieubi
609 2500 759 2564 eroidisse
773 2502 944 2583 putandum
962 2503 1021 2567 erit
1033 2505 1067 2587 2).
1096 2506 1254 2589 Kayserus
1270 2509 1372 2571 totum

245 2600 348 2665 looum
376 2600 421 2663 sio
449 2601 677 2664 restituendum
706 2603 812 2684 putat:
853 2598 1041 2686 εἰθισμένοι
1073 2602 1111 2670 οἱ
1142 2606 1287 2691 δημόται
1316 2609 1374 2673 καὶ

246 2699 343 2788 φίλοι
363 2701 433 2766 καὶ
454 2699 626 2778 κλαίοντες
647 2698 881 2786 ἐξαιτήσονται
903 2706 1023 2769 mutato
1047 2705 1112 2785 noi,
1138 2708 1216 2789 quod
1238 2709 1373 2772 intentu

246 2811 319 2873 ante
346 2802 490 2892 δημόται
519 2810 550 2872 et
578 2808 680 2891 posito
712 2809 843 2873 articulo
874 2806 917 2874 oi.
970 2811 1029 2875 Sed
1051 2830 1105 2875 our
1127 2813 1182 2877 illo
1204 2815 1296 2878 tertio
1316 2810 1376 2877 καί

247 2914 320 2976 ante
338 2906 510 2988 κλαίοντες
531 2911 584 2975 hie
606 2911 815 2994 indigeamus,
838 2913 918 2976 mihi
939 2932 999 2977 non
1015 2915 1123 2996 liquet.
1152 2917 1223 2980 Nisi
1240 2918 1272 2980 in
1289 2917 1374 2980 eodi-

247 3018 293 3081 ois
308 3015 332 3079 O
348 3015 500 3099 seriptura
522 3011 755 3101 ἐξαιτήσονται
777 3018 946 3082 subsistere
967 3019 1084 3102 placet,
1106 3021 1187 3105 Iusti
1201 3022 1375 3084 Hermanni

247 3121 403 3204 Lipsii³),
432 3122 640 3204 praeceptoris
669 3122 841 3200 reverendi,
876 3125 1086 3189 oonieoturam
1117 3126 1204 3208 sequi
1225 3126 1374 3208 praestat.

248 3225 309 3287 Hio
332 3224 416 3288 enim
435 3225 482 3288 vir
504 3225 721 3289 dootissimus:
756 3225 854 3301 „Cmn
876 3226 1050 3291 infinitivus
1072 3228 1220 3316 pendeat,
1250 3228 1309 3304 ait,
1339 3247 1376 3292 ex

247 3319 331 3414 ἦσαν
363 3323 553 3410 εἰθισμένοι
580 3328 669 3392 nulla
697 3328 870 3392 mutatione
899 3347 974 3411 opus
1003 3330 1134 3405 videtur,
1164 3331 1225 3394 nisi
1254 3332 1289 3393 ut
1317 3329 1376 3394 καί

248 3430 372 3508 vocula,
393 3449 470 3514 quae
484 3432 556 3495 ante
576 3425 721 3514 δημόται
737 3431 798 3507 est,
819 3431 852 3494 in
868 3433 1035 3496 articulum
1050 3435 1197 3511 mutetur,
1220 3453 1258 3497 ne
1275 3430 1376 3518 υοιή-

317 3610 344 3674 1)
362 3608 428 3662 Post
443 3607 525 3662 verba
540 3606 564 3672 §i
577 3605 595 3658 8
609 3607 689 3673 δίκην
707 3606 859 3662 δεδωκέναι
873 3606 947 3662 addit
959 3608 1063 3676 Kayser
1076 3610 1179 3676 δοκεῖν,
1194 3598 1376 3676 probabiliter,

248 3699 279 3747 nt
299 3692 436 3748 Scheibius
454 3692 501 3757 ait,
520 3690 568 3745 sed
587 3696 749 3746 tamennon
769 3691 947 3745 necessarium
967 3697 1015 3745 est.
1033 3725 1066 3732 -
1093 3694 1107 3759 ξ
1127 3694 1152 3747 9.
1171 3694 1214 3746 Ex
1232 3692 1378 3746 Hamakeri

250 3778 352 3832 Batavi
375 3778 509 3834 sententia
533 3776 619 3831 verbis
643 3782 708 3838 Πῶς
726 3776 780 3849 μδο
800 3770 912 3831 alterum
932 3777 1124 3845 fragmentum,
1152 3778 1223 3846 quod
1243 3782 1273 3845 §o
1292 3780 1379 3848 prima

249 3850 349 3930 finitur,
369 3863 546 3917 continuatur.
567 3863 597 3916 ἐκ
611 3865 754 3917 πλουσίων
768 3867 832 3916 ante
844 3867 957 3929 πένητες
973 3862 1066 3916 inserit
1077 3862 1246 3918 Herwerden.
1257 3894 1289 3903 -
1310 3865 1378 3926 §lt

250 3949 373 4005 Dobreus
391 3949 515 4004 admonet
541 3947 694 4015 „Conferas
720 3949 790 4003 huno
815 3950 900 4004 locum
929 3965 987 4003 oum
1011 3950 1148 4005 Demosth.
1173 3950 1336 4019 or.01ynth.
1357 3959 1383 4004 Γ

251 4043 282 4106 §0
300 4040 405 4094 XXIX:
425 4041 461 4108 (p.
480 4040 514 4095 36
534 4038 570 4106 R)
583 4038 772 4106 Ἀπσβλέψατε
795 4035 830 4105 δή
855 4037 926 4111 πρὸς
949 4036 1012 4098 τοὺς
1036 4042 1119 4092 ταῦτα
1138 4042 1378 4109 πολιτευομένους,

251 4120 291 4184 ὦν
317 4132 343 4182 οἱ
370 4130 425 4201 μὲν
446 4129 476 4181 ἐκ
502 4131 621 4197 πτωχῶν
649 4123 779 4181 πλούσιοι
809 4121 1002 4196 μεμόνασι,-σὶ
1025 4129 1056 4182 δὲ
1080 4129 1109 4189 ἐξ
1133 4124 1243 4189 ἀδόξων
1263 4128 1379 4195 ἔντιμοι,

251 4217 371 4272 tradedi
390 4215 438 4276 τὰς
455 4217 528 4277 ἰδίας
545 4219 632 4276 οἰκίας
649 4218 705 4269 ταῖν
721 4216 866 4285 δημοσίων
885 4212 1119 4288 οἰκοδομημάτων
1137 4219 1306 4287 σεμνοτέροις
1324 4219 1393 4287 εἰσὶΥ

252 4309 511 4375 κατεσκευασμένοι.
551 4304 616 4359 Post
637 4311 725 4358 καίτοι
745 4303 847 4375 ἑτέροις
864 4301 939 4357 addit
957 4308 1012 4374 μέν
1027 4302 1205 4357 Halbertsma.

320 4395 348 4460 2)
368 4392 399 4446 Id
417 4393 469 4445 iam
486 4392 663 4448 Marklandus
684 4396 712 4445 et
728 4389 854 4445 Reiskius
872 4391 997 4459 suspicati
1017 4397 1087 4446 sunt.
1112 4391 1156 4445 Or.
1175 4406 1214 4456 gr,
1232 4389 1264 4442 V.
1280 4405 1304 4455 p.
1319 4389 1379 4446 813.

262 4540 274 4563 Ο
321 4485 349 4549 3)
368 4483 557 4549 Quaestionum
575 4483 680 4550 Lysiae.
701 4481 848 4549 specimen,
867 4480 974 4548 Lipsiae
994 4481 1061 4534 1864
1089 4497 1107 4546 p
1135 4480 1158 4532 8.
1177 4484 1247 4531 nota.
