3142 5036
678 283 890 346 ..45-

221 444 372 532 artando
385 451 429 531 ¹):
464 449 496 512 id
526 450 574 511 est
602 449 832 531 persuasionem
864 467 924 513 non
953 448 1115 513 uerborum
1143 451 1264 532 vigore,
1296 451 1350 514 sed

222 554 388 638 paullatim
407 553 562 618 auditores
583 553 765 637 cupienten.
809 553 968 636 Imprimis
989 555 1048 617 hoc
1068 553 1124 635 §us
1147 555 1270 636 quinta,
1290 574 1350 637 qua

224 660 290 742 egit
312 660 349 723 de
363 659 528 743 puniendis
551 660 600 738 iis,
623 660 676 742 qui
692 658 841 722 orationis
862 657 894 722 vi
911 658 993 721 inter
1014 659 1134 723 ceteros
1150 659 1351 735 excellebant,

224 761 317 842 atque
340 759 392 842 §gi
416 760 550 837 13-15,
572 760 626 823 ubi
648 757 758 823 amicis
788 776 911 823 reorum
940 758 1070 822 minime
1102 759 1239 823 iudicum
1261 778 1351 824 aures

224 865 349 947 perorat
368 864 559 946 praebendas
581 882 664 942 esse,
687 863 862 928 ostendunt.
913 863 1117 927 Venustatem
1148 863 1278 947 denique
1305 863 1351 927 lo·
1382 900 1384 903 ν

225 969 349 1052 quendi,
368 962 465 1056 χάριν
478 971 513 1053 ²),
533 969 569 1033 in
590 969 697 1032 nostra
719 968 857 1032 oratione
879 986 940 1032 non
962 967 1188 1032 desideramus:
1211 968 1352 1050 quamvis

226 1071 271 1135 sit
288 1069 461 1153 perbreuis,
485 1070 589 1134 tamen
613 1069 841 1152 argumentatio
864 1068 1049 1152 simpliciter
1070 1069 1102 1132 et
1122 1067 1234 1132 leuiter
1255 1070 1291 1132 ut
1310 1070 1354 1133 ri-

227 1174 319 1237 vulus
340 1172 484 1256 profluit:
507 1173 592 1236 Bene
614 1172 800 1237 inducuntur
816 1172 977 1259 amicipro
991 1172 1053 1236 reis
1066 1172 1204 1255 petituri,
1228 1174 1353 1237 strenue

229 1274 460 1357 compellantur
486 1273 519 1337 in
544 1273 605 1337 fine
635 1273 769 1350 iudices,
799 1272 835 1336 ut
863 1272 1041 1356 Epicratem
1071 1292 1132 1338 non
1160 1272 1261 1337 solum
1280 1291 1353 1337 con·

227 1379 375 1443 damnent
398 1379 451 1442 sed
473 1378 503 1441 ei
525 1377 622 1442 etiam
641 1377 861 1460 gravissimam
884 1396 1014 1461 poenam
1037 1377 1206 1460 imponant.
1245 1377 1354 1442 Suavi-

227 1485 278 1546 tas
299 1476 423 1564 quideni
442 1481 587 1565 loquendi
609 1482 678 1545 hac'
689 1482 722 1545 in
742 1500 784 1546 or.
806 1481 924 1545 XXVII
951 1501 1014 1546 non
1039 1481 1175 1544 maxime
1204 1465 1353 1564 splendet,

228 1588 282 1652 sed
308 1590 414 1652 tamen
443 1607 511 1651 eam
538 1587 630 1671 plane
657 1587 765 1651 abesse
795 1584 855 1651 non
885 1586 1022 1650 dixerim.
1083 1586 1170 1665 Quod
1199 1586 1354 1669 prooemio

228 1692 314 1781 caret
335 1692 443 1769 oratio,
465 1691 560 1755 multi
584 1691 617 1755 in
639 1691 822 1754 cohaesere
845 1691 1048 1773 interpretem
1081 1709 1151 1754 cum
1179 1689 1216 1752 de
1243 1690 1301 1752 hac
1319 1674 1356 1750 're

228 1796 312 1862 infra
328 1797 418 1881 plura
447 1797 562 1862 dicturi
591 1795 707 1873 simus,
737 1796 790 1860 hic
816 1796 906 1860 modo
935 1795 1149 1878 praemittam,
1178 1794 1209 1858 id
1239 1793 1358 1857 nemini

230 1916 299 1962 esse
319 1916 410 1982 posse
429 1897 581 1981 scmpulo,
602 1897 630 1961 si
648 1899 728 1976 hano
750 1896 922 1961 orationem
941 1897 1110 1960 extremam
1123 1894 1272 1979 plenioris
1286 1913 1357 1977 par·

230 2004 296 2066 tem
318 2020 386 2066 esse
411 2003 565 2085 putemus.
609 2002 675 2065 Nec
696 2019 767 2066 vero
791 2001 903 2065 desunt
924 2001 958 2064 in
979 2000 1118 2064 oratione
1139 1998 1265 2082 figurae,
1282 2017 1357 2082 quas

230 2105 342 2188 Lysias
354 2105 520 2169 interdum
546 2104 690 2169 adhibere
712 2105 885 2177 adamavit:
916 2099 1106 2180 ἀντιθέσεις
1134 2103 1229 2167 habes
1260 2103 1297 2186 §o
1319 2105 1357 2167 9:

231 2208 344 2298 ὥςπερ
373 2205 468 2293 ὑμεῖς
497 2210 539 2278 σὰ
566 2208 692 2278 τούτων
720 2214 1031 2299 μισθοφοροῦντες,
1066 2204 1138 2276 ἀλλ’
1163 2204 1202 2276 οὐ
1230 2207 1358 2276 τούτων

231 2313 275 2378 τὰ
294 2305 438 2400 ὑμέτερα
467 2309 685 2379 κλεπτόντων.
730 2316 767 2397 §o
790 2313 839 2377 15.
869 2304 964 2397 ἡμεῖς
995 2305 1054 2376 οὐκ
1081 2305 1296 2397 ἠθελήσαμεν
1317 2302 1380 2356 -’

233 2415 390 2504 ἆξισῦμεν
413 2420 450 2486 δὲ
471 2415 548 2507 μηδ’
571 2415 666 2504 ὑμᾶς.
698 2423 805 2488 Utitur
826 2422 928 2487 orator
951 2419 1142 2486 subiectione
1163 2411 1359 2506 (ὑποφορά)

234 2524 273 2606 §o
295 2525 346 2603 13,
371 2541 431 2606 qua
453 2522 640 2586 inducuntur
661 2523 756 2587 amici
781 2521 828 2585 rei
854 2539 909 2605 per
932 2568 950 2598 „
960 2520 1154 2604 exceptiones
1163 2524 1181 2554 “
1204 2516 1361 2582 defensuri

233 2626 412 2709 Epicratem
442 2627 475 2689 et
503 2627 610 2690 contra
633 2627 785 2691 oratorem
812 2624 914 2709 ipsum
936 2623 1083 2688 dicentes.
1128 2624 1194 2687 Has
1215 2640 1361 2705 personas

234 2727 365 2807 induxit,
388 2730 424 2792 ut
445 2728 512 2811 ipse
534 2730 717 2812 argumenta
739 2729 864 2794 illorum
892 2726 1043 2809 refutaret
1065 2727 1164 2810 iisque
1187 2727 1275 2790 caute
1298 2746 1362 2791 ser-

235 2849 359 2894 monem
381 2831 592 2915 praecluderet
603 2833 639 2916 ⁸).
682 2829 978 2920 Προσωποπσιίαν
991 2831 1165 2897 adhibitam
1184 2832 1271 2896 vides
1288 2833 1326 2914 §o
1341 2832 1360 2894 8

235 2930 361 3000 τούτων
382 2935 419 3001 δὲ
440 2933 482 2999 τὰ
504 2930 686 3022 πράγμσιεα
710 2939 889 3023 κατηγορεῖ
910 2934 979 3018 (cfr.
999 2935 1115 3018 Berbig
1136 2956 1165 3019 p.
1185 2936 1254 3019 16);
1277 2932 1362 2999 ε’πσι-

236 3040 389 3130 ναφοράο
413 3044 492 3126 §04
520 3044 580 3107 τοῦ
600 3038 704 3108 αὐτοῦ
723 3079 766 3091 —-
793 3044 859 3107 τῶν
880 3036 1000 3108 αὐτῶν.
1047 3035 1205 3109 Ἰσόκωλα
1227 3044 1365 3110 invenies

237 3142 269 3208 in
288 3144 451 3227 Epicrates
473 3143 572 3209 sexies
589 3144 736 3227 usurpata
753 3143 820 3226 §pis
835 3143 864 3221 5,
887 3144 917 3220 6,
940 3143 969 3219 8,
993 3143 1042 3220 10,
1067 3143 1116 3220 11,
1141 3145 1225 3228 161).
1239 3181 1281 3192 —
1304 3143 1363 3209 Sed

237 3247 314 3310 haec
336 3248 496 3311 hactenus.
540 3245 624 3311 Satis
646 3246 875 3312 demonstrasse
898 3245 987 3310 nobis
1009 3246 1164 3310 uidemur:
1193 3249 1363 3331 primurn

238 3354 435 3436 argumenta,
458 3354 568 3437 quibus
590 3355 678 3419 nisus
699 3354 908 3419 Franckenius
930 3354 1010 3417 hanc
1032 3353 1204 3418 orationem
1226 3356 1363 3439 spuriam

240 3457 444 3537 iudicaverat,
468 3478 530 3524 non
552 3477 621 3524 esse
636 3460 701 3523 tam
716 3459 838 3543 gravia,
862 3459 898 3522 ut
912 3457 1084 3522 orationem
1100 3476 1119 3521 a
1133 3458 1230 3540 Lysia
1244 3459 1365 3523 abiudi-

240 3580 309 3626 care
331 3581 387 3626 nos
409 3563 539 3646 cogent;
569 3562 717 3626 deinde
737 3562 886 3627 nonnulla
905 3561 939 3625 in
960 3561 1124 3644 Epicrates
1146 3560 1263 3639 inesse,
1287 3581 1364 3645 quae

240 3668 347 3749 generi
378 3667 515 3747 dicendi,
552 3669 678 3735 omnino
709 3670 847 3734 moribus
882 3668 996 3751 Lysiae
1029 3667 1121 3752 plane
1152 3668 1366 3752 respondeant.

313 3921 340 3989 1)
361 3919 463 3988 Dionys
481 3918 545 3989 Lys.
564 3927 592 3974 n·
604 3920 638 3974 10
658 3924 685 3973 et
702 3917 736 3973 de
747 3917 883 3972 Demosth.
903 3917 936 3972 vi.
955 3931 1013 3986 cap.
1031 3919 1062 3973 2:
1084 3917 1123 3972 Τὸ
1143 3918 1197 3990 μὲν
1213 3914 1367 3988 βιάσασθαι

241 4007 288 4060 καὶ
306 4001 535 4080 προςαναγκσὶσαι
552 4026 578 4060 τι
597 4008 643 4072 τῆς
661 4006 942 4066 consentanearum
960 4005 1046 4059 ἴδιον·
1065 4001 1096 4058 τὸ
1113 4003 1145 4059 δὲ
1162 4003 1300 4074 ἀπατῆσαι
1319 4009 1366 4060 καὶ

241 4095 343 4163 κλέψαι
361 4092 393 4147 τὰ
413 4089 567 4168 πράγματα
585 4094 635 4160 τῆς
649 4095 768 4146 Λυσίου.

310 4196 340 4265 2)
359 4197 468 4268 Dionys.
493 4214 516 4253 c.
535 4197 661 4252 10-12.
686 4195 764 4250 Blass
788 4210 814 4263 p.
835 4195 966 4251 380010.
993 4195 1069 4250 Brut.
1094 4194 1137 4260 35,
1156 4195 1215 4263 285,
1236 4198 1295 4253 293.
1314 4197 1368 4253 (iio.

242 4285 286 4340 or.
306 4289 321 4353 y
338 4288 380 4359 29.
401 4288 504 4355 cunct.
523 4287 557 4344 x.
576 4289 600 4342 1.
618 4285 659 4339 aa.
678 4285 727 4352 rx,
745 4285 770 4339 4.
789 4285 831 4341 rr.

312 4392 340 4458 3)
358 4389 416 4444 Hac
435 4391 523 4458 figura
540 4390 655 4445 libenter
671 4389 705 4443 L.
723 4389 808 4443 utitur
825 4390 872 4445 cfr.
890 4358 969 4445 Blass
985 4391 1036 4445 107
1054 4406 1079 4458 p.

313 4495 342 4562 4)
361 4496 394 4549 of.
413 4496 491 4552 Blass
510 4512 535 4565 p.
553 4497 613 4551 456.
633 4512 658 4550 n.
678 4497 701 4550 1.
