<?xml version="1.0" encoding="UTF-8"?>
<!DOCTYPE html PUBLIC "-//W3C//DTD XHTML 1.0 Transitional//EN"
    "http://www.w3.org/TR/xhtml1/DTD/xhtml1-transitional.dtd">
<html xmlns="http://www.w3.org/1999/xhtml" xml:lang="en" lang="en">
 <head>
  <title>
</title>
<meta http-equiv="Content-Type" content="text/html;charset=utf-8" />
  <meta name='ocr-system' content='tesseract 3.04.00' />
  <meta name='ocr-capabilities' content='ocr_page ocr_carea ocr_par ocr_line ocrx_word'/>
</head>
<body>
  <div class='ocr_page' id='page_1' title='image "./quaestionumdely00hentgoog_0032.png"; bbox 0 0 3142 5036; ppageno 0'>
   <div class='ocr_carea' id='block_1_1' title="bbox 671 292 883 354">
    <p class='ocr_par' dir='ltr' id='par_1_1' title="bbox 671 292 883 354">
     <span class='ocr_line' id='line_1_1' title="bbox 671 292 883 354; baseline -0.005 -16"><span class='ocrx_word' id='word_1_1' title='bbox 671 292 883 354; x_wconf 64' lang='lat'><strong>..25-</strong></span> 
     </span>
    </p>
   </div>
   <div class='ocr_carea' id='block_1_2' title="bbox 150 459 1346 3727">
    <p class='ocr_par' dir='ltr' id='par_1_2' title="bbox 150 459 1346 3312">
     <span class='ocr_line' id='line_1_2' title="bbox 211 459 1343 546; baseline -0.004 -19"><span class='ocrx_word' id='word_1_2' title='bbox 211 483 286 526; x_wconf 89' lang='lat' dir='ltr'><strong>cum</strong></span> <span class='ocrx_word' id='word_1_3' title='bbox 310 463 478 546; x_wconf 83' lang='lat' dir='ltr'><strong>sagacitate</strong></span> <span class='ocrx_word' id='word_1_4' title='bbox 501 463 566 545; x_wconf 83' lang='lat' dir='ltr'><strong>egit</strong></span> <span class='ocrx_word' id='word_1_5' title='bbox 585 464 783 526; x_wconf 89' lang='lat' dir='ltr'><strong>Hermannus</strong></span> <span class='ocrx_word' id='word_1_6' title='bbox 802 462 907 542; x_wconf 80' lang='lat' dir='ltr'><strong>Hager</strong></span> <span class='ocrx_word' id='word_1_7' title='bbox 919 462 943 541; x_wconf 86' lang='lat'><strong>¹)</strong></span> <span class='ocrx_word' id='word_1_8' title='bbox 967 459 1000 523; x_wconf 91' lang='lat' dir='ltr'><strong>in</strong></span> <span class='ocrx_word' id='word_1_9' title='bbox 1023 459 1242 523; x_wconf 76' lang='lat' dir='ltr'>dissertatione</span> <span class='ocrx_word' id='word_1_10' title='bbox 1267 479 1343 542; x_wconf 90' lang='lat' dir='ltr'><strong>quae</strong></span> 
     </span>
     <span class='ocr_line' id='line_1_3' title="bbox 212 561 1342 648; baseline -0.004 -17"><span class='ocrx_word' id='word_1_11' title='bbox 212 568 408 632; x_wconf 76' lang='lat' dir='ltr'><strong>inscribitur:</strong></span> <span class='ocrx_word' id='word_1_12' title='bbox 431 567 674 644; x_wconf 75' lang='lat' dir='ltr'><strong>„Quaestionum</strong></span> <span class='ocrx_word' id='word_1_13' title='bbox 702 564 949 648; x_wconf 90' lang='lat' dir='ltr'><strong>Hyperidearum</strong></span> <span class='ocrx_word' id='word_1_14' title='bbox 979 561 1081 645; x_wconf 88' lang='lat' dir='ltr'><strong>capita</strong></span> <span class='ocrx_word' id='word_1_15' title='bbox 1109 564 1198 639; x_wconf 79' lang='lat' dir='ltr'><strong>duo“,</strong></span> <span class='ocrx_word' id='word_1_16' title='bbox 1229 564 1342 646; x_wconf 89' lang='lat' dir='ltr'><strong>inqua</strong></span> 
     </span>
     <span class='ocr_line' id='line_1_4' title="bbox 213 658 1344 752; baseline -0.004 -19"><span class='ocrx_word' id='word_1_17' title='bbox 213 669 253 734; x_wconf 90' lang='lat' dir='ltr'><strong>ad</strong></span> <span class='ocrx_word' id='word_1_18' title='bbox 276 669 427 752; x_wconf 90' lang='lat' dir='ltr'><strong>liquidum</strong></span> <span class='ocrx_word' id='word_1_19' title='bbox 449 668 600 751; x_wconf 83' lang='lat' dir='ltr'><strong>perduxit,</strong></span> <span class='ocrx_word' id='word_1_20' title='bbox 631 668 663 731; x_wconf 95' lang='lat' dir='ltr'><strong>in</strong></span> <span class='ocrx_word' id='word_1_21' title='bbox 684 667 751 750; x_wconf 90' lang='lat' dir='ltr'><strong>ipso</strong></span> <span class='ocrx_word' id='word_1_22' title='bbox 772 659 862 750; x_wconf 82' lang='grc' dir='ltr'><strong><em>νόμην</em></strong></span> <span class='ocrx_word' id='word_1_23' title='bbox 885 658 1117 749; x_wconf 74' lang='grc' dir='ltr'><strong><em>εῑςαηγελτικηῑ</em></strong></span> <span class='ocrx_word' id='word_1_24' title='bbox 1147 665 1265 729; x_wconf 89' lang='lat' dir='ltr'><strong>scelera</strong></span> <span class='ocrx_word' id='word_1_25' title='bbox 1290 686 1344 748; x_wconf 89' lang='lat' dir='ltr'><strong>por</strong></span> 
     </span>
     <span class='ocr_line' id='line_1_5' title="bbox 214 760 1343 850; baseline -0.001 -20"><span class='ocrx_word' id='word_1_26' title='bbox 214 760 421 850; x_wconf 77' lang='grc' dir='ltr'><strong><em>εῑςαγμελίαν</em></strong></span> <span class='ocrx_word' id='word_1_27' title='bbox 443 766 654 849; x_wconf 89' lang='lat' dir='ltr'><strong>persequenda</strong></span> <span class='ocrx_word' id='word_1_28' title='bbox 675 766 773 830; x_wconf 88' lang='lat' dir='ltr'><strong>fuisse</strong></span> <span class='ocrx_word' id='word_1_29' title='bbox 795 765 937 838; x_wconf 79' lang='lat' dir='ltr'><strong>definita3</strong></span> <span class='ocrx_word' id='word_1_30' title='bbox 960 765 993 828; x_wconf 91' lang='lat' dir='ltr'><strong>in</strong></span> <span class='ocrx_word' id='word_1_31' title='bbox 1014 764 1075 828; x_wconf 89' lang='lat' dir='ltr'><strong>alia</strong></span> <span class='ocrx_word' id='word_1_32' title='bbox 1095 767 1199 829; x_wconf 92' lang='lat' dir='ltr'><strong>autem</strong></span> <span class='ocrx_word' id='word_1_33' title='bbox 1216 767 1343 830; x_wconf 90' lang='lat' dir='ltr'><strong>eandem</strong></span> 
     </span>
     <span class='ocr_line' id='line_1_6' title="bbox 214 869 1346 952; baseline -0.002 -17"><span class='ocrx_word' id='word_1_34' title='bbox 214 870 384 935; x_wconf 88' lang='lat' dir='ltr'><strong>formulam</strong></span> <span class='ocrx_word' id='word_1_35' title='bbox 408 869 548 935; x_wconf 85' lang='lat' dir='ltr'><strong>adhiberi</strong></span> <span class='ocrx_word' id='word_1_36' title='bbox 569 889 628 934; x_wconf 90' lang='lat' dir='ltr'><strong>non</strong></span> <span class='ocrx_word' id='word_1_37' title='bbox 652 869 806 952; x_wconf 91' lang='lat' dir='ltr'><strong>potuisse,</strong></span> <span class='ocrx_word' id='word_1_38' title='bbox 830 869 891 933; x_wconf 87' lang='lat' dir='ltr'><strong>nisi</strong></span> <span class='ocrx_word' id='word_1_39' title='bbox 918 888 954 932; x_wconf 90' lang='lat' dir='ltr'><strong>ea</strong></span> <span class='ocrx_word' id='word_1_40' title='bbox 976 869 1169 947; x_wconf 90' lang='lat' dir='ltr'><strong>condicione,</strong></span> <span class='ocrx_word' id='word_1_41' title='bbox 1199 872 1234 935; x_wconf 91' lang='lat' dir='ltr'><strong>ut</strong></span> <span class='ocrx_word' id='word_1_42' title='bbox 1261 872 1346 935; x_wconf 90' lang='lat' dir='ltr'><strong>actor</strong></span> 
     </span>
     <span class='ocr_line' id='line_1_7' title="bbox 214 974 1345 1059; baseline 0 -20"><span class='ocrx_word' id='word_1_43' title='bbox 214 975 255 1039; x_wconf 93' lang='lat' dir='ltr'><strong>ad</strong></span> <span class='ocrx_word' id='word_1_44' title='bbox 285 975 420 1059; x_wconf 79' lang='lat' dir='ltr'><strong>aliquam</strong></span> <span class='ocrx_word' id='word_1_45' title='bbox 448 976 529 1059; x_wconf 84' lang='lat' dir='ltr'><strong>legis</strong></span> <span class='ocrx_word' id='word_1_46' title='bbox 558 976 679 1058; x_wconf 90' lang='lat' dir='ltr'><strong>partem</strong></span> <span class='ocrx_word' id='word_1_47' title='bbox 718 992 785 1039; x_wconf 87' lang='lat' dir='ltr'><strong>sese</strong></span> <span class='ocrx_word' id='word_1_48' title='bbox 822 974 999 1058; x_wconf 79' lang='lat' dir='ltr'><strong>applicaret.</strong></span> <span class='ocrx_word' id='word_1_49' title='bbox 1059 974 1211 1052; x_wconf 79' lang='lat' dir='ltr'><strong>Quattuor</strong></span> <span class='ocrx_word' id='word_1_50' title='bbox 1240 977 1345 1039; x_wconf 89' lang='lat' dir='ltr'><strong>autem</strong></span> 
     </span>
     <span class='ocr_line' id='line_1_8' title="bbox 216 1071 1343 1164; baseline 0 -22"><span class='ocrx_word' id='word_1_51' title='bbox 216 1077 287 1159; x_wconf 89' lang='lat' dir='ltr'><strong>(vel</strong></span> <span class='ocrx_word' id='word_1_52' title='bbox 309 1079 463 1163; x_wconf 87' lang='lat' dir='ltr'><strong>quinque)</strong></span> <span class='ocrx_word' id='word_1_53' title='bbox 490 1079 579 1142; x_wconf 91' lang='lat' dir='ltr'><strong>erant</strong></span> <span class='ocrx_word' id='word_1_54' title='bbox 599 1079 704 1161; x_wconf 90' lang='lat' dir='ltr'><strong>partes</strong></span> <span class='ocrx_word' id='word_1_55' title='bbox 726 1071 950 1164; x_wconf 78' lang='grc' dir='ltr'><strong><em>εἷςαγγελίας,</em></strong></span> <span class='ocrx_word' id='word_1_56' title='bbox 979 1077 1011 1140; x_wconf 92' lang='lat' dir='ltr'><strong>in</strong></span> <span class='ocrx_word' id='word_1_57' title='bbox 1034 1077 1144 1160; x_wconf 92' lang='lat' dir='ltr'><strong>quibus</strong></span> <span class='ocrx_word' id='word_1_58' title='bbox 1172 1097 1234 1142; x_wconf 91' lang='lat' dir='ltr'><strong>non</strong></span> <span class='ocrx_word' id='word_1_59' title='bbox 1256 1079 1343 1143; x_wconf 89' lang='lat' dir='ltr'><strong>inve·</strong></span> 
     </span>
     <span class='ocr_line' id='line_1_9' title="bbox 217 1172 1344 1263; baseline 0.002 -23"><span class='ocrx_word' id='word_1_60' title='bbox 217 1177 304 1242; x_wconf 84' lang='lat' dir='ltr'><strong>nitur</strong></span> <span class='ocrx_word' id='word_1_61' title='bbox 325 1198 418 1243; x_wconf 85' lang='lat' dir='ltr'><strong>eausa</strong></span> <span class='ocrx_word' id='word_1_62' title='bbox 440 1177 567 1263; x_wconf 79' lang='grc' dir='ltr'><strong><em>κλοπῆς</em></strong></span> <span class='ocrx_word' id='word_1_63' title='bbox 589 1172 758 1263; x_wconf 80' lang='grc' dir='ltr'>δημοσίων</span> <span class='ocrx_word' id='word_1_64' title='bbox 777 1172 955 1263; x_wconf 82' lang='grc' dir='ltr'><strong><em>χρημάτων</em></strong></span> <span class='ocrx_word' id='word_1_65' title='bbox 970 1178 1004 1260; x_wconf 80' lang='lat'><strong>²).</strong></span> <span class='ocrx_word' id='word_1_66' title='bbox 1038 1178 1148 1260; x_wconf 87' lang='lat' dir='ltr'><strong>Itaque</strong></span> <span class='ocrx_word' id='word_1_67' title='bbox 1169 1179 1250 1242; x_wconf 89' lang='lat' dir='ltr'><strong>hane</strong></span> <span class='ocrx_word' id='word_1_68' title='bbox 1272 1197 1344 1242; x_wconf 87' lang='lat' dir='ltr'><strong>eau-</strong></span> 
     </span>
     <span class='ocr_line' id='line_1_10' title="bbox 216 1278 1344 1365; baseline 0.002 -19"><span class='ocrx_word' id='word_1_69' title='bbox 216 1301 285 1346; x_wconf 90' lang='lat' dir='ltr'><strong>sam</strong></span> <span class='ocrx_word' id='word_1_70' title='bbox 306 1301 360 1365; x_wconf 92' lang='lat' dir='ltr'><strong>per</strong></span> <span class='ocrx_word' id='word_1_71' title='bbox 380 1278 584 1365; x_wconf 76' lang='grc' dir='ltr'><strong><em>εἱςαγγελίαν</em></strong></span> <span class='ocrx_word' id='word_1_72' title='bbox 607 1285 709 1348; x_wconf 89' lang='lat' dir='ltr'><strong>actam</strong></span> <span class='ocrx_word' id='word_1_73' title='bbox 732 1300 800 1347; x_wconf 90' lang='lat' dir='ltr'><strong>esse</strong></span> <span class='ocrx_word' id='word_1_74' title='bbox 823 1282 920 1345; x_wconf 90' lang='lat' dir='ltr'><strong>statui</strong></span> <span class='ocrx_word' id='word_1_75' title='bbox 949 1282 1073 1365; x_wconf 89' lang='lat' dir='ltr'><strong>nequit,</strong></span> <span class='ocrx_word' id='word_1_76' title='bbox 1102 1283 1155 1347; x_wconf 87' lang='lat' dir='ltr'><strong>sed</strong></span> <span class='ocrx_word' id='word_1_77' title='bbox 1182 1285 1218 1347; x_wconf 88' lang='lat' dir='ltr'><strong>ut</strong></span> <span class='ocrx_word' id='word_1_78' title='bbox 1242 1298 1344 1348; x_wconf 86' lang='lat' dir='ltr'><strong>meam</strong></span> 
     </span>
     <span class='ocr_line' id='line_1_11' title="bbox 219 1387 1343 1473; baseline 0 -21"><span class='ocrx_word' id='word_1_79' title='bbox 219 1389 407 1453; x_wconf 89' lang='lat' dir='ltr'><strong>sententiam</strong></span> <span class='ocrx_word' id='word_1_80' title='bbox 429 1387 594 1472; x_wconf 84' lang='lat' dir='ltr'><strong>proferam,</strong></span> <span class='ocrx_word' id='word_1_81' title='bbox 619 1389 766 1453; x_wconf 87' lang='lat' dir='ltr'><strong>instituta</strong></span> <span class='ocrx_word' id='word_1_82' title='bbox 786 1389 908 1453; x_wconf 88' lang='lat' dir='ltr'><strong>videtur</strong></span> <span class='ocrx_word' id='word_1_83' title='bbox 929 1388 1006 1451; x_wconf 90' lang='lat' dir='ltr'><strong>haec</strong></span> <span class='ocrx_word' id='word_1_84' title='bbox 1036 1406 1128 1452; x_wconf 90' lang='lat' dir='ltr'><strong>eausa</strong></span> <span class='ocrx_word' id='word_1_85' title='bbox 1150 1407 1204 1473; x_wconf 91' lang='lat' dir='ltr'><strong>per</strong></span> <span class='ocrx_word' id='word_1_86' title='bbox 1225 1389 1343 1454; x_wconf 86' lang='lat' dir='ltr'><strong>formu-</strong></span> 
     </span>
     <span class='ocr_line' id='line_1_12' title="bbox 216 1482 1344 1573; baseline -0.001 -19"><span class='ocrx_word' id='word_1_87' title='bbox 216 1491 281 1569; x_wconf 88' lang='lat' dir='ltr'><strong>lam</strong></span> <span class='ocrx_word' id='word_1_88' title='bbox 312 1482 476 1566; x_wconf 75' lang='grc' dir='ltr'><strong><em>εὐθυνῶν,</em></strong></span> <span class='ocrx_word' id='word_1_89' title='bbox 506 1490 543 1554; x_wconf 97' lang='lat' dir='ltr'><strong>de</strong></span> <span class='ocrx_word' id='word_1_90' title='bbox 572 1510 632 1573; x_wconf 90' lang='lat' dir='ltr'><strong>qua</strong></span> <span class='ocrx_word' id='word_1_91' title='bbox 662 1489 757 1553; x_wconf 91' lang='lat' dir='ltr'><strong>etiam</strong></span> <span class='ocrx_word' id='word_1_92' title='bbox 789 1489 930 1553; x_wconf 92' lang='lat' dir='ltr'><strong>Blassius</strong></span> <span class='ocrx_word' id='word_1_93' title='bbox 962 1488 1159 1571; x_wconf 70' lang='lat' dir='ltr'><strong>cogitavitlt.</strong></span> <span class='ocrx_word' id='word_1_94' title='bbox 1205 1489 1344 1572; x_wconf 86' lang='lat' dir='ltr'><strong>Apparet</strong></span> 
     </span>
     <span class='ocr_line' id='line_1_13' title="bbox 216 1591 1343 1676; baseline -0.002 -17"><span class='ocrx_word' id='word_1_95' title='bbox 216 1593 300 1659; x_wconf 92' lang='lat' dir='ltr'><strong>enim</strong></span> <span class='ocrx_word' id='word_1_96' title='bbox 320 1613 336 1657; x_wconf 91' lang='lat' dir='ltr'><strong>e</strong></span> <span class='ocrx_word' id='word_1_97' title='bbox 358 1594 498 1658; x_wconf 88' lang='lat' dir='ltr'><strong>veterum</strong></span> <span class='ocrx_word' id='word_1_98' title='bbox 520 1593 705 1676; x_wconf 89' lang='lat' dir='ltr'><strong>scriptorum</strong></span> <span class='ocrx_word' id='word_1_99' title='bbox 734 1591 926 1656; x_wconf 83' lang='lat' dir='ltr'><strong>testimoniis</strong></span> <span class='ocrx_word' id='word_1_100' title='bbox 949 1591 1087 1675; x_wconf 90' lang='lat' dir='ltr'><strong>apprime</strong></span> <span class='ocrx_word' id='word_1_101' title='bbox 1115 1592 1343 1657; x_wconf 74' lang='lat' dir='ltr'><strong>accusationem</strong></span> 
     </span>
     <span class='ocr_line' id='line_1_14' title="bbox 215 1688 1343 1780; baseline 0.004 -23"><span class='ocrx_word' id='word_1_102' title='bbox 215 1694 342 1780; x_wconf 77' lang='grc' dir='ltr'><strong><em>κλοπῆς</em></strong></span> <span class='ocrx_word' id='word_1_103' title='bbox 365 1697 431 1759; x_wconf 81' lang='grc' dir='ltr'><strong><em>τιῦν</em></strong></span> <span class='ocrx_word' id='word_1_104' title='bbox 453 1693 623 1780; x_wconf 80' lang='grc' dir='ltr'><strong><em>δημοσίων</em></strong></span> <span class='ocrx_word' id='word_1_105' title='bbox 643 1688 820 1780; x_wconf 79' lang='grc' dir='ltr'><strong><em>χρημάτων</em></strong></span> <span class='ocrx_word' id='word_1_106' title='bbox 849 1695 881 1758; x_wconf 89' lang='lat' dir='ltr'><strong>et</strong></span> <span class='ocrx_word' id='word_1_107' title='bbox 910 1688 1027 1780; x_wconf 80' lang='grc' dir='ltr'><em>δώρων</em></span> <span class='ocrx_word' id='word_1_108' title='bbox 1053 1694 1086 1758; x_wconf 91' lang='lat' dir='ltr'><strong>in</strong></span> <span class='ocrx_word' id='word_1_109' title='bbox 1108 1689 1253 1772; x_wconf 63' lang='lat' dir='ltr'><strong>acilicinae</strong></span> <span class='ocrx_word' id='word_1_110' title='bbox 1275 1715 1343 1762; x_wconf 86' lang='lat' dir='ltr'><strong>esse</strong></span> 
     </span>
     <span class='ocr_line' id='line_1_15' title="bbox 215 1795 1342 1881; baseline 0 -20"><span class='ocrx_word' id='word_1_111' title='bbox 215 1797 417 1875; x_wconf 85' lang='lat' dir='ltr'><strong>referendam,</strong></span> <span class='ocrx_word' id='word_1_112' title='bbox 442 1816 502 1881; x_wconf 90' lang='lat' dir='ltr'><strong>qua</strong></span> <span class='ocrx_word' id='word_1_113' title='bbox 524 1797 561 1861; x_wconf 88' lang='lat' dir='ltr'><strong>do</strong></span> <span class='ocrx_word' id='word_1_114' title='bbox 583 1816 617 1860; x_wconf 95' lang='lat' dir='ltr'><strong>re</strong></span> <span class='ocrx_word' id='word_1_115' title='bbox 638 1795 752 1861; x_wconf 89' lang='lat' dir='ltr'><strong>diserte</strong></span> <span class='ocrx_word' id='word_1_116' title='bbox 774 1797 903 1878; x_wconf 84' lang='lat' dir='ltr'><strong>egerunt</strong></span> <span class='ocrx_word' id='word_1_117' title='bbox 927 1795 1064 1859; x_wconf 88' lang='lat' dir='ltr'><strong>Meierus</strong></span> <span class='ocrx_word' id='word_1_118' title='bbox 1092 1797 1124 1858; x_wconf 91' lang='lat' dir='ltr'><strong>et</strong></span> <span class='ocrx_word' id='word_1_119' title='bbox 1154 1795 1342 1861; x_wconf 82' lang='lat' dir='ltr'><strong>Schoeman-</strong></span> 
     </span>
     <span class='ocr_line' id='line_1_16' title="bbox 217 1895 1344 1985; baseline 0 -20"><span class='ocrx_word' id='word_1_120' title='bbox 217 1904 319 1985; x_wconf 64' lang='grc' dir='ltr'><strong>τιμε).</strong></span> <span class='ocrx_word' id='word_1_121' title='bbox 363 1901 589 1966; x_wconf 71' lang='lat' dir='ltr'><strong>accusationes</strong></span> <span class='ocrx_word' id='word_1_122' title='bbox 614 1900 719 1964; x_wconf 86' lang='lat' dir='ltr'><strong>autem</strong></span> <span class='ocrx_word' id='word_1_123' title='bbox 743 1917 797 1983; x_wconf 91' lang='lat' dir='ltr'><strong>per</strong></span> <span class='ocrx_word' id='word_1_124' title='bbox 820 1895 968 1964; x_wconf 77' lang='grc' dir='ltr'><strong><em>εὐθυνῶν</em></strong></span> <span class='ocrx_word' id='word_1_125' title='bbox 990 1899 1157 1963; x_wconf 78' lang='lat' dir='ltr'><strong>formulam</strong></span> <span class='ocrx_word' id='word_1_126' title='bbox 1179 1900 1344 1965; x_wconf 89' lang='lat' dir='ltr'><strong>institutae</strong></span> 
     </span>
     <span class='ocr_line' id='line_1_17' title="bbox 216 2000 1346 2089; baseline -0.003 -19"><span class='ocrx_word' id='word_1_127' title='bbox 216 2024 324 2070; x_wconf 90' lang='lat' dir='ltr'><strong>omnes</strong></span> <span class='ocrx_word' id='word_1_128' title='bbox 355 2007 443 2070; x_wconf 91' lang='lat' dir='ltr'><strong>erant</strong></span> <span class='ocrx_word' id='word_1_129' title='bbox 469 2000 607 2089; x_wconf 84' lang='grc' dir='ltr'><strong><em>τιμηταί</em></strong></span> <span class='ocrx_word' id='word_1_130' title='bbox 617 2003 643 2088; x_wconf 67' lang='grc' dir='ltr'><strong>ὗ)</strong></span> <span class='ocrx_word' id='word_1_131' title='bbox 681 2003 809 2085; x_wconf 89' lang='lat' dir='ltr'><strong>ideoque</strong></span> <span class='ocrx_word' id='word_1_132' title='bbox 845 2020 906 2065; x_wconf 90' lang='lat' dir='ltr'><strong>non</strong></span> <span class='ocrx_word' id='word_1_133' title='bbox 942 2002 1027 2065; x_wconf 87' lang='lat' dir='ltr'><strong>certa</strong></span> <span class='ocrx_word' id='word_1_134' title='bbox 1062 2020 1160 2084; x_wconf 88' lang='lat' dir='ltr'><strong>poena</strong></span> <span class='ocrx_word' id='word_1_135' title='bbox 1188 2003 1346 2086; x_wconf 89' lang='lat' dir='ltr'><strong>proposita</strong></span> 
     </span>
     <span class='ocr_line' id='line_1_18' title="bbox 219 2108 1343 2189; baseline -0.003 -14"><span class='ocrx_word' id='word_1_136' title='bbox 219 2112 303 2187; x_wconf 90' lang='lat' dir='ltr'><strong>erat,</strong></span> <span class='ocrx_word' id='word_1_137' title='bbox 327 2110 380 2174; x_wconf 89' lang='lat' dir='ltr'><strong>sed</strong></span> <span class='ocrx_word' id='word_1_138' title='bbox 403 2112 436 2174; x_wconf 91' lang='lat' dir='ltr'><strong>et</strong></span> <span class='ocrx_word' id='word_1_139' title='bbox 457 2109 630 2174; x_wconf 88' lang='lat' dir='ltr'><strong>accusatori</strong></span> <span class='ocrx_word' id='word_1_140' title='bbox 651 2108 766 2172; x_wconf 86' lang='lat' dir='ltr'><strong>licebat</strong></span> <span class='ocrx_word' id='word_1_141' title='bbox 787 2108 904 2171; x_wconf 87' lang='lat' dir='ltr'><strong>certam</strong></span> <span class='ocrx_word' id='word_1_142' title='bbox 926 2123 1057 2188; x_wconf 89' lang='lat' dir='ltr'><strong>poenam</strong></span> <span class='ocrx_word' id='word_1_143' title='bbox 1078 2125 1203 2189; x_wconf 88' lang='lat' dir='ltr'><strong>poscere</strong></span> <span class='ocrx_word' id='word_1_144' title='bbox 1225 2127 1243 2171; x_wconf 93' lang='lat' dir='ltr'><strong>a</strong></span> <span class='ocrx_word' id='word_1_145' title='bbox 1263 2108 1343 2172; x_wconf 92' lang='lat' dir='ltr'><strong>iudi-</strong></span> 
     </span>
     <span class='ocr_line' id='line_1_19' title="bbox 217 2208 1345 2294; baseline 0 -18"><span class='ocrx_word' id='word_1_146' title='bbox 217 2213 318 2290; x_wconf 90' lang='lat' dir='ltr'><strong>cibus,</strong></span> <span class='ocrx_word' id='word_1_147' title='bbox 343 2214 378 2276; x_wconf 93' lang='lat' dir='ltr'><strong>ut</strong></span> <span class='ocrx_word' id='word_1_148' title='bbox 399 2214 457 2276; x_wconf 90' lang='lat' dir='ltr'><strong>hac</strong></span> <span class='ocrx_word' id='word_1_149' title='bbox 479 2211 510 2275; x_wconf 91' lang='lat' dir='ltr'><strong>in</strong></span> <span class='ocrx_word' id='word_1_150' title='bbox 527 2211 665 2275; x_wconf 91' lang='lat' dir='ltr'><strong>oratione</strong></span> <span class='ocrx_word' id='word_1_151' title='bbox 686 2210 736 2287; x_wconf 91' lang='lat' dir='ltr'><strong>fit,</strong></span> <span class='ocrx_word' id='word_1_152' title='bbox 761 2211 792 2273; x_wconf 90' lang='lat' dir='ltr'><strong>et</strong></span> <span class='ocrx_word' id='word_1_153' title='bbox 814 2227 831 2273; x_wconf 97' lang='lat' dir='ltr'><strong>e</strong></span> <span class='ocrx_word' id='word_1_154' title='bbox 853 2208 990 2273; x_wconf 89' lang='lat' dir='ltr'><strong>iudicum</strong></span> <span class='ocrx_word' id='word_1_155' title='bbox 1011 2209 1165 2274; x_wconf 87' lang='lat' dir='ltr'><strong>senteutia</strong></span> <span class='ocrx_word' id='word_1_156' title='bbox 1184 2211 1345 2294; x_wconf 82' lang='lat' dir='ltr'><strong>pendebat,</strong></span> 
     </span>
     <span class='ocr_line' id='line_1_20' title="bbox 217 2304 1344 2399; baseline 0.002 -20"><span class='ocrx_word' id='word_1_157' title='bbox 217 2336 310 2399; x_wconf 88' lang='lat' dir='ltr'><strong>quam</strong></span> <span class='ocrx_word' id='word_1_158' title='bbox 331 2335 461 2399; x_wconf 89' lang='lat' dir='ltr'><strong>poenam</strong></span> <span class='ocrx_word' id='word_1_159' title='bbox 480 2334 551 2380; x_wconf 90' lang='lat' dir='ltr'><strong>reus</strong></span> <span class='ocrx_word' id='word_1_160' title='bbox 573 2316 690 2380; x_wconf 86' lang='lat' dir='ltr'><strong>solvere</strong></span> <span class='ocrx_word' id='word_1_161' title='bbox 712 2314 837 2379; x_wconf 83' lang='lat' dir='ltr'><strong>deberet</strong></span> <span class='ocrx_word' id='word_1_162' title='bbox 851 2311 1012 2397; x_wconf 78' lang='grc' dir='ltr'><strong><em>(τίμημα)</em></strong></span> <span class='ocrx_word' id='word_1_163' title='bbox 1027 2314 1062 2397; x_wconf 73' lang='lat'><strong>⁶).</strong></span> <span class='ocrx_word' id='word_1_164' title='bbox 1090 2304 1227 2397; x_wconf 82' lang='grc' dir='ltr'><strong><em>’Ἀτιμοι</em></strong></span> <span class='ocrx_word' id='word_1_165' title='bbox 1240 2317 1344 2382; x_wconf 72' lang='grc' dir='ltr'><strong><em>σιτίσαι</em></strong></span> 
     </span>
     <span class='ocr_line' id='line_1_21' title="bbox 219 2415 1344 2502; baseline 0.004 -23"><span class='ocrx_word' id='word_1_166' title='bbox 219 2416 287 2499; x_wconf 89' lang='lat' dir='ltr'><strong>ipso</strong></span> <span class='ocrx_word' id='word_1_167' title='bbox 310 2416 376 2480; x_wconf 91' lang='lat' dir='ltr'><strong>iure</strong></span> <span class='ocrx_word' id='word_1_168' title='bbox 396 2417 449 2499; x_wconf 91' lang='lat' dir='ltr'><strong>qui</strong></span> <span class='ocrx_word' id='word_1_169' title='bbox 472 2416 600 2501; x_wconf 80' lang='grc' dir='ltr'><em>κλοπῆς</em></span> <span class='ocrx_word' id='word_1_170' title='bbox 621 2415 903 2480; x_wconf 89' lang='lat' dir='ltr'><strong>condemnabantur</strong></span> <span class='ocrx_word' id='word_1_171' title='bbox 926 2415 1099 2499; x_wconf 64' lang='lat' dir='ltr'><strong>inornati),</strong></span> <span class='ocrx_word' id='word_1_172' title='bbox 1122 2418 1203 2501; x_wconf 90' lang='lat' dir='ltr'><strong>quod</strong></span> <span class='ocrx_word' id='word_1_173' title='bbox 1220 2420 1344 2502; x_wconf 90' lang='lat' dir='ltr'><strong>quidem</strong></span> 
     </span>
     <span class='ocr_line' id='line_1_22' title="bbox 150 2515 1344 2610; baseline 0.002 -25"><span class='ocrx_word' id='word_1_174' title='bbox 150 2540 152 2543; x_wconf 87' lang='lat'>·</span> <span class='ocrx_word' id='word_1_175' title='bbox 217 2521 344 2603; x_wconf 90' lang='lat' dir='ltr'><strong>apparet</strong></span> <span class='ocrx_word' id='word_1_176' title='bbox 366 2520 461 2583; x_wconf 89' lang='lat' dir='ltr'><strong>otiam</strong></span> <span class='ocrx_word' id='word_1_177' title='bbox 482 2538 498 2583; x_wconf 93' lang='lat' dir='ltr'><strong>e</strong></span> <span class='ocrx_word' id='word_1_178' title='bbox 521 2519 634 2603; x_wconf 82' lang='lat' dir='ltr'><strong>Lysiae</strong></span> <span class='ocrx_word' id='word_1_179' title='bbox 655 2519 688 2582; x_wconf 90' lang='lat' dir='ltr'><strong>in</strong></span> <span class='ocrx_word' id='word_1_180' title='bbox 703 2520 740 2602; x_wconf 71' lang='lat' dir='ltr'><strong>§o</strong></span> <span class='ocrx_word' id='word_1_181' title='bbox 763 2518 986 2584; x_wconf 85' lang='lat' dir='ltr'><strong>sextadecima</strong></span> <span class='ocrx_word' id='word_1_182' title='bbox 1008 2520 1126 2585; x_wconf 75' lang='lat' dir='ltr'><strong>verbist</strong></span> <span class='ocrx_word' id='word_1_183' title='bbox 1148 2515 1260 2610; x_wconf 74' lang='grc' dir='ltr'><strong><em>ιῖίςιτερ</em></strong></span> <span class='ocrx_word' id='word_1_184' title='bbox 1282 2524 1344 2588; x_wconf 82' lang='grc' dir='ltr'><strong>τοῦ</strong></span> 
     </span>
     <span class='ocr_line' id='line_1_23' title="bbox 217 2612 1343 2705; baseline 0.004 -21"><span class='ocrx_word' id='word_1_185' title='bbox 217 2615 418 2696; x_wconf 80' lang='grc' dir='ltr'><strong><em>ὀνείδους</em></strong></span> <span class='ocrx_word' id='word_1_186' title='bbox 440 2613 512 2683; x_wconf 75' lang='grc' dir='ltr'><strong>ἀλλ’</strong></span> <span class='ocrx_word' id='word_1_187' title='bbox 537 2613 575 2684; x_wconf 78' lang='grc' dir='ltr'><strong>οὐ</strong></span> <span class='ocrx_word' id='word_1_188' title='bbox 599 2621 657 2705; x_wconf 81' lang='grc' dir='ltr'><strong>τῆς</strong></span> <span class='ocrx_word' id='word_1_189' title='bbox 680 2615 799 2704; x_wconf 81' lang='grc' dir='ltr'><strong><em>ζημίας</em></strong></span> <span class='ocrx_word' id='word_1_190' title='bbox 822 2612 937 2695; x_wconf 79' lang='grc' dir='ltr'><strong><em>αὐτοῖς</em></strong></span> <span class='ocrx_word' id='word_1_191' title='bbox 955 2618 1069 2700; x_wconf 82' lang='grc' dir='ltr'><strong><em>μέλον.</em></strong></span> <span class='ocrx_word' id='word_1_192' title='bbox 1113 2621 1210 2686; x_wconf 84' lang='lat' dir='ltr'><strong>Actor</strong></span> <span class='ocrx_word' id='word_1_193' title='bbox 1232 2642 1343 2689; x_wconf 84' lang='lat' dir='ltr'><strong>causae</strong></span> 
     </span>
     <span class='ocr_line' id='line_1_24' title="bbox 218 2722 1344 2810; baseline 0.005 -23"><span class='ocrx_word' id='word_1_194' title='bbox 218 2723 341 2787; x_wconf 91' lang='lat' dir='ltr'><strong>nostrae</strong></span> <span class='ocrx_word' id='word_1_195' title='bbox 371 2723 407 2786; x_wconf 89' lang='lat' dir='ltr'><strong>ut</strong></span> <span class='ocrx_word' id='word_1_196' title='bbox 434 2723 595 2806; x_wconf 80' lang='lat' dir='ltr'><strong>Epicrates</strong></span> <span class='ocrx_word' id='word_1_197' title='bbox 631 2723 743 2806; x_wconf 88' lang='lat' dir='ltr'><strong>capitis</strong></span> <span class='ocrx_word' id='word_1_198' title='bbox 772 2741 791 2786; x_wconf 98' lang='lat' dir='ltr'><strong>a</strong></span> <span class='ocrx_word' id='word_1_199' title='bbox 819 2722 972 2788; x_wconf 88' lang='lat' dir='ltr'><strong>iudicibus</strong></span> <span class='ocrx_word' id='word_1_200' title='bbox 1005 2723 1168 2789; x_wconf 87' lang='lat' dir='ltr'><strong>damnetur</strong></span> <span class='ocrx_word' id='word_1_201' title='bbox 1197 2724 1344 2810; x_wconf 88' lang='lat' dir='ltr'><strong>deposcit,</strong></span> 
     </span>
     <span class='ocr_line' id='line_1_25' title="bbox 218 2815 1345 2911; baseline 0.004 -24"><span class='ocrx_word' id='word_1_202' title='bbox 218 2823 297 2908; x_wconf 91' lang='lat' dir='ltr'><strong>quod</strong></span> <span class='ocrx_word' id='word_1_203' title='bbox 325 2823 421 2888; x_wconf 89' lang='lat' dir='ltr'><strong>videri</strong></span> <span class='ocrx_word' id='word_1_204' title='bbox 451 2824 527 2888; x_wconf 89' lang='lat' dir='ltr'><strong>licet</strong></span> <span class='ocrx_word' id='word_1_205' title='bbox 555 2842 571 2887; x_wconf 93' lang='lat' dir='ltr'><strong>e</strong></span> <span class='ocrx_word' id='word_1_206' title='bbox 602 2824 638 2907; x_wconf 72' lang='lat' dir='ltr'><strong>§o</strong></span> <span class='ocrx_word' id='word_1_207' title='bbox 668 2821 819 2905; x_wconf 89' lang='lat' dir='ltr'><strong>septima:</strong></span> <span class='ocrx_word' id='word_1_208' title='bbox 848 2815 923 2887; x_wconf 82' lang='grc' dir='ltr'><strong>Ἐάν</strong></span> <span class='ocrx_word' id='word_1_209' title='bbox 957 2820 994 2888; x_wconf 82' lang='grc' dir='ltr'><strong>δὲ</strong></span> <span class='ocrx_word' id='word_1_210' title='bbox 1024 2821 1345 2911; x_wconf 79' lang='grc' dir='ltr'><strong><em>καταψηφισάμενοι</em></strong></span> 
     </span>
     <span class='ocr_line' id='line_1_26' title="bbox 219 2918 1344 3012; baseline 0.004 -25"><span class='ocrx_word' id='word_1_211' title='bbox 219 2919 372 2988; x_wconf 70' lang='grc' dir='ltr'><strong><em>θανάτου</em></strong></span> <span class='ocrx_word' id='word_1_212' title='bbox 401 2918 560 3009; x_wconf 81' lang='grc' dir='ltr'><strong><em>τιμήσητε</em></strong></span> <span class='ocrx_word' id='word_1_213' title='bbox 589 2923 659 2987; x_wconf 77' lang='grc' dir='ltr'><strong><em>κτλ.</em></strong></span> <span class='ocrx_word' id='word_1_214' title='bbox 682 2925 750 2987; x_wconf 89' lang='lat' dir='ltr'><strong>tum</strong></span> <span class='ocrx_word' id='word_1_215' title='bbox 773 2943 789 2986; x_wconf 90' lang='lat' dir='ltr'><strong>e</strong></span> <span class='ocrx_word' id='word_1_216' title='bbox 814 2924 852 3005; x_wconf 71' lang='lat' dir='ltr'><strong>§e</strong></span> <span class='ocrx_word' id='word_1_217' title='bbox 875 2925 999 2987; x_wconf 83' lang='lat' dir='ltr'><strong>octava:</strong></span> <span class='ocrx_word' id='word_1_218' title='bbox 1030 2918 1071 2987; x_wconf 84' lang='lat' dir='ltr'><strong>Ei</strong></span> <span class='ocrx_word' id='word_1_219' title='bbox 1100 2923 1344 3012; x_wconf 77' lang='grc' dir='ltr'><strong><em>καταψηφισά-</em></strong></span> 
     </span>
     <span class='ocr_line' id='line_1_27' title="bbox 215 3022 1342 3112; baseline 0.003 -19"><span class='ocrx_word' id='word_1_220' title='bbox 215 3050 311 3111; x_wconf 83' lang='grc' dir='ltr'><strong><em>μενοι</em></strong></span> <span class='ocrx_word' id='word_1_221' title='bbox 334 3031 400 3093; x_wconf 78' lang='grc' dir='ltr'><strong>τῶν</strong></span> <span class='ocrx_word' id='word_1_222' title='bbox 421 3022 566 3108; x_wconf 78' lang='grc' dir='ltr'><strong><em>ἐσχάτων</em></strong></span> <span class='ocrx_word' id='word_1_223' title='bbox 588 3024 774 3112; x_wconf 78' lang='grc' dir='ltr'><strong><em>τιμήσαιτε,</em></strong></span> <span class='ocrx_word' id='word_1_224' title='bbox 805 3027 971 3111; x_wconf 82' lang='lat' dir='ltr'><strong>deniquae</strong></span> <span class='ocrx_word' id='word_1_225' title='bbox 993 3029 1030 3110; x_wconf 68' lang='lat' dir='ltr'><strong>§o</strong></span> <span class='ocrx_word' id='word_1_226' title='bbox 1050 3029 1169 3094; x_wconf 89' lang='lat' dir='ltr'><strong>decima</strong></span> <span class='ocrx_word' id='word_1_227' title='bbox 1192 3032 1342 3097; x_wconf 84' lang='lat' dir='ltr'><strong>etsexta:</strong></span> 
     </span>
     <span class='ocr_line' id='line_1_28' title="bbox 217 3115 1342 3216; baseline 0.004 -29"><span class='ocrx_word' id='word_1_228' title='bbox 217 3127 290 3189; x_wconf 84' lang='grc' dir='ltr'><strong>Νῦν</strong></span> <span class='ocrx_word' id='word_1_229' title='bbox 311 3123 431 3201; x_wconf 87' lang='grc' dir='ltr'><strong><em>τοίνυν,</em></strong></span> <span class='ocrx_word' id='word_1_230' title='bbox 455 3115 482 3187; x_wconf 78' lang='grc' dir='ltr'><em>ὦ</em></span> <span class='ocrx_word' id='word_1_231' title='bbox 506 3115 624 3212; x_wconf 80' lang='grc' dir='ltr'><strong><em>άνδρες</em></strong></span> <span class='ocrx_word' id='word_1_232' title='bbox 646 3119 812 3200; x_wconf 85' lang='grc' dir='ltr'><strong><em>δικασταί,</em></strong></span> <span class='ocrx_word' id='word_1_233' title='bbox 844 3121 1164 3212; x_wconf 77' lang='grc' dir='ltr'><strong><em>καταψηφισάμενοι</em></strong></span> <span class='ocrx_word' id='word_1_234' title='bbox 1184 3121 1342 3216; x_wconf 76' lang='grc' dir='ltr'><strong><em>Ἐπικρά-</em></strong></span> 
     </span>
     <span class='ocr_line' id='line_1_29' title="bbox 216 3222 814 3312; baseline 0.003 -22"><span class='ocrx_word' id='word_1_235' title='bbox 216 3250 295 3304; x_wconf 88' lang='grc' dir='ltr'><strong><em>τοος</em></strong></span> <span class='ocrx_word' id='word_1_236' title='bbox 316 3230 381 3292; x_wconf 73' lang='grc' dir='ltr'><strong>τῶν</strong></span> <span class='ocrx_word' id='word_1_237' title='bbox 404 3222 549 3308; x_wconf 76' lang='grc' dir='ltr'><strong><em>ἐσχάτοιν</em></strong></span> <span class='ocrx_word' id='word_1_238' title='bbox 571 3222 750 3312; x_wconf 69' lang='grc' dir='ltr'><strong><em>τιμήσατε)</em></strong></span> <span class='ocrx_word' id='word_1_239' title='bbox 772 3263 814 3272; x_wconf 90' lang='grc'>-</span> 
     </span>
    </p>

    <p class='ocr_par' dir='ltr' id='par_1_3' title="bbox 218 3335 1344 3727">
     <span class='ocr_line' id='line_1_30' title="bbox 305 3335 1344 3419; baseline 0.003 -18"><span class='ocrx_word' id='word_1_240' title='bbox 305 3335 364 3401; x_wconf 86' lang='lat' dir='ltr'><strong>Sed</strong></span> <span class='ocrx_word' id='word_1_241' title='bbox 387 3336 547 3419; x_wconf 80' lang='lat' dir='ltr'><strong>Epicrates</strong></span> <span class='ocrx_word' id='word_1_242' title='bbox 569 3335 707 3399; x_wconf 89' lang='lat' dir='ltr'><strong>iudicum</strong></span> <span class='ocrx_word' id='word_1_243' title='bbox 730 3335 919 3399; x_wconf 89' lang='lat' dir='ltr'><strong>sententiam</strong></span> <span class='ocrx_word' id='word_1_244' title='bbox 947 3353 1009 3398; x_wconf 91' lang='lat' dir='ltr'><strong>non</strong></span> <span class='ocrx_word' id='word_1_245' title='bbox 1033 3337 1239 3418; x_wconf 61' lang='lat' dir='ltr'><strong>exspectarim</strong></span> <span class='ocrx_word' id='word_1_246' title='bbox 1263 3342 1344 3405; x_wconf 87' lang='lat' dir='ltr'><strong>veri·</strong></span> 
     </span>
     <span class='ocr_line' id='line_1_31' title="bbox 218 3437 1343 3522; baseline 0.006 -20"><span class='ocrx_word' id='word_1_247' title='bbox 218 3440 269 3503; x_wconf 90' lang='lat' dir='ltr'><strong>tus</strong></span> <span class='ocrx_word' id='word_1_248' title='bbox 291 3439 375 3501; x_wconf 93' lang='lat' dir='ltr'><strong>enim</strong></span> <span class='ocrx_word' id='word_1_249' title='bbox 397 3457 435 3502; x_wconf 90' lang='lat' dir='ltr'><strong>no</strong></span> <span class='ocrx_word' id='word_1_250' title='bbox 457 3437 569 3522; x_wconf 90' lang='lat' dir='ltr'><strong>capitis</strong></span> <span class='ocrx_word' id='word_1_251' title='bbox 597 3438 811 3515; x_wconf 87' lang='lat' dir='ltr'><strong>damnaretur,</strong></span> <span class='ocrx_word' id='word_1_252' title='bbox 840 3437 921 3502; x_wconf 91' lang='lat' dir='ltr'><strong>olam</strong></span> <span class='ocrx_word' id='word_1_253' title='bbox 943 3438 1077 3502; x_wconf 85' lang='lat' dir='ltr'><strong>Athenis</strong></span> <span class='ocrx_word' id='word_1_254' title='bbox 1100 3438 1175 3522; x_wconf 86' lang='lat' dir='ltr'><strong>fuga</strong></span> <span class='ocrx_word' id='word_1_255' title='bbox 1198 3444 1343 3510; x_wconf 88' lang='lat' dir='ltr'><strong>recessit:</strong></span> 
     </span>
     <span class='ocr_line' id='line_1_32' title="bbox 218 3540 1342 3628; baseline 0.004 -23"><span class='ocrx_word' id='word_1_256' title='bbox 218 3562 254 3606; x_wconf 92' lang='lat' dir='ltr'><strong>ac</strong></span> <span class='ocrx_word' id='word_1_257' title='bbox 276 3544 383 3625; x_wconf 90' lang='lat' dir='ltr'><strong>postea</strong></span> <span class='ocrx_word' id='word_1_258' title='bbox 407 3543 488 3607; x_wconf 91' lang='lat' dir='ltr'><strong>inter</strong></span> <span class='ocrx_word' id='word_1_259' title='bbox 509 3544 619 3626; x_wconf 82' lang='lat' dir='ltr'><strong>gentes</strong></span> <span class='ocrx_word' id='word_1_260' title='bbox 640 3544 783 3628; x_wconf 84' lang='lat' dir='ltr'><strong>externas</strong></span> <span class='ocrx_word' id='word_1_261' title='bbox 812 3540 958 3624; x_wconf 91' lang='lat' dir='ltr'><strong>procula</strong></span> <span class='ocrx_word' id='word_1_262' title='bbox 979 3540 1081 3623; x_wconf 89' lang='lat' dir='ltr'><strong>patria</strong></span> <span class='ocrx_word' id='word_1_263' title='bbox 1103 3544 1189 3607; x_wconf 83' lang='lat' dir='ltr'><strong>exsul</strong></span> <span class='ocrx_word' id='word_1_264' title='bbox 1210 3547 1342 3610; x_wconf 89' lang='lat' dir='ltr'><strong>mortem</strong></span> 
     </span>
     <span class='ocr_line' id='line_1_33' title="bbox 219 3644 522 3727; baseline -0.003 -18"><span class='ocrx_word' id='word_1_265' title='bbox 219 3645 333 3709; x_wconf 89' lang='lat' dir='ltr'><strong>obiisse</strong></span> <span class='ocrx_word' id='word_1_266' title='bbox 355 3644 522 3727; x_wconf 72' lang='lat' dir='ltr'><strong>videtur⁸t</strong></span> 
     </span>
    </p>
   </div>
   <div class='ocr_carea' id='block_1_3' title="bbox 218 3796 1346 4565">
    <p class='ocr_par' dir='ltr' id='par_1_4' title="bbox 287 3796 1137 3873">
     <span class='ocr_line' id='line_1_34' title="bbox 287 3796 1137 3873; baseline 0.004 -22"><span class='ocrx_word' id='word_1_267' title='bbox 287 3798 314 3862; x_wconf 94' lang='grc'><strong>1)</strong></span> <span class='ocrx_word' id='word_1_268' title='bbox 333 3796 441 3865; x_wconf 87' lang='lat' dir='ltr'><strong>Lipsiae</strong></span> <span class='ocrx_word' id='word_1_269' title='bbox 461 3797 535 3851; x_wconf 78' lang='lat'><strong>1870.</strong></span> <span class='ocrx_word' id='word_1_270' title='bbox 553 3812 615 3866; x_wconf 84' lang='lat' dir='ltr'><strong>pag.</strong></span> <span class='ocrx_word' id='word_1_271' title='bbox 638 3798 672 3873; x_wconf 76' lang='lat'><strong>52</strong></span> <span class='ocrx_word' id='word_1_272' title='bbox 684 3814 722 3866; x_wconf 90' lang='lat' dir='ltr'><strong>sq.</strong></span> <span class='ocrx_word' id='word_1_273' title='bbox 793 3799 821 3865; x_wconf 92' lang='grc'><strong>2)</strong></span> <span class='ocrx_word' id='word_1_274' title='bbox 838 3797 930 3865; x_wconf 80' lang='lat' dir='ltr'><strong>Hagen</strong></span> <span class='ocrx_word' id='word_1_275' title='bbox 947 3813 1008 3866; x_wconf 83' lang='lat' dir='ltr'><strong>pag.</strong></span> <span class='ocrx_word' id='word_1_276' title='bbox 1027 3799 1137 3856; x_wconf 78' lang='lat'><strong>53-64.</strong></span> 
     </span>
    </p>

    <p class='ocr_par' dir='ltr' id='par_1_5' title="bbox 220 3878 1343 4034">
     <span class='ocr_line' id='line_1_35' title="bbox 288 3878 1343 3959; baseline 0.012 -25"><span class='ocrx_word' id='word_1_277' title='bbox 288 3881 315 3946; x_wconf 89' lang='lat'><strong>3)</strong></span> <span class='ocrx_word' id='word_1_278' title='bbox 334 3895 360 3947; x_wconf 93' lang='lat' dir='ltr'><strong>p.</strong></span> <span class='ocrx_word' id='word_1_279' title='bbox 377 3878 438 3932; x_wconf 88' lang='lat'><strong>444.</strong></span> <span class='ocrx_word' id='word_1_280' title='bbox 456 3878 614 3948; x_wconf 85' lang='lat' dir='ltr'><strong>Nuperrime</strong></span> <span class='ocrx_word' id='word_1_281' title='bbox 633 3879 713 3934; x_wconf 89' lang='lat' dir='ltr'><strong>etiam</strong></span> <span class='ocrx_word' id='word_1_282' title='bbox 731 3880 889 3935; x_wconf 83' lang='lat' dir='ltr'><strong>Sohoellium</strong></span> <span class='ocrx_word' id='word_1_283' title='bbox 902 3896 1003 3935; x_wconf 88' lang='lat' dir='ltr'><strong>mecum</strong></span> <span class='ocrx_word' id='word_1_284' title='bbox 1021 3884 1170 3941; x_wconf 88' lang='lat' dir='ltr'><strong>consentire</strong></span> <span class='ocrx_word' id='word_1_285' title='bbox 1189 3885 1264 3943; x_wconf 91' lang='lat' dir='ltr'><strong>video</strong></span> <span class='ocrx_word' id='word_1_286' title='bbox 1281 3905 1343 3959; x_wconf 85' lang='lat' dir='ltr'><strong>pag.</strong></span> 
     </span>
     <span class='ocr_line' id='line_1_36' title="bbox 220 3967 757 4034; baseline 0.004 -14"><span class='ocrx_word' id='word_1_287' title='bbox 220 3967 259 4020; x_wconf 87' lang='lat'><strong>18.</strong></span> <span class='ocrx_word' id='word_1_288' title='bbox 280 3967 382 4033; x_wconf 81' lang='lat' dir='ltr'><strong>notul,</strong></span> <span class='ocrx_word' id='word_1_289' title='bbox 402 3981 456 4034; x_wconf 89' lang='lat' dir='ltr'><strong>qua</strong></span> <span class='ocrx_word' id='word_1_290' title='bbox 473 3967 507 4021; x_wconf 89' lang='lat' dir='ltr'><strong>da</strong></span> <span class='ocrx_word' id='word_1_291' title='bbox 524 3983 554 4021; x_wconf 88' lang='lat' dir='ltr'><strong>ra</strong></span> <span class='ocrx_word' id='word_1_292' title='bbox 571 3967 648 4022; x_wconf 81' lang='lat' dir='ltr'><strong>ualde</strong></span> <span class='ocrx_word' id='word_1_293' title='bbox 665 3967 757 4022; x_wconf 88' lang='lat' dir='ltr'><strong>laetor.</strong></span> 
     </span>
    </p>

    <p class='ocr_par' dir='ltr' id='par_1_6' title="bbox 287 4054 1031 4124">
     <span class='ocr_line' id='line_1_37' title="bbox 287 4054 1031 4124; baseline 0.005 -16"><span class='ocrx_word' id='word_1_294' title='bbox 287 4054 315 4121; x_wconf 85' lang='lat'><strong>4)</strong></span> <span class='ocrx_word' id='word_1_295' title='bbox 332 4055 418 4109; x_wconf 88' lang='lat' dir='ltr'><strong>Meier</strong></span> <span class='ocrx_word' id='word_1_296' title='bbox 436 4061 463 4109; x_wconf 87' lang='lat' dir='ltr'><strong>at</strong></span> <span class='ocrx_word' id='word_1_297' title='bbox 481 4055 600 4110; x_wconf 89' lang='lat' dir='ltr'><strong>Schoem.</strong></span> <span class='ocrx_word' id='word_1_298' title='bbox 620 4057 677 4109; x_wconf 88' lang='lat' dir='ltr'><strong>Att.</strong></span> <span class='ocrx_word' id='word_1_299' title='bbox 694 4055 805 4110; x_wconf 86' lang='lat' dir='ltr'><strong>Process</strong></span> <span class='ocrx_word' id='word_1_300' title='bbox 825 4072 850 4124; x_wconf 88' lang='lat' dir='ltr'><strong>p.</strong></span> <span class='ocrx_word' id='word_1_301' title='bbox 870 4055 1031 4112; x_wconf 70' lang='grc' dir='ltr'><strong>214-224.Δ</strong></span> 
     </span>
    </p>

    <p class='ocr_par' dir='ltr' id='par_1_7' title="bbox 287 4143 917 4213">
     <span class='ocr_line' id='line_1_38' title="bbox 287 4143 917 4213; baseline 0.006 -17"><span class='ocrx_word' id='word_1_302' title='bbox 287 4144 314 4210; x_wconf 83' lang='lat'><strong>5)</strong></span> <span class='ocrx_word' id='word_1_303' title='bbox 333 4143 418 4198; x_wconf 90' lang='lat' dir='ltr'><strong>Meier</strong></span> <span class='ocrx_word' id='word_1_304' title='bbox 434 4150 462 4198; x_wconf 89' lang='lat' dir='ltr'><strong>et</strong></span> <span class='ocrx_word' id='word_1_305' title='bbox 480 4143 598 4199; x_wconf 87' lang='lat' dir='ltr'><strong>Schoem.</strong></span> <span class='ocrx_word' id='word_1_306' title='bbox 617 4145 634 4198; x_wconf 95' lang='lat' dir='ltr'><strong>l.</strong></span> <span class='ocrx_word' id='word_1_307' title='bbox 653 4160 676 4197; x_wconf 90' lang='lat' dir='ltr'><strong>c.</strong></span> <span class='ocrx_word' id='word_1_308' title='bbox 693 4159 753 4213; x_wconf 84' lang='lat' dir='ltr'><strong>pag.</strong></span> <span class='ocrx_word' id='word_1_309' title='bbox 773 4145 917 4200; x_wconf 77' lang='grc'><strong>223-224.</strong></span> 
     </span>
    </p>

    <p class='ocr_par' dir='ltr' id='par_1_8' title="bbox 218 4230 1346 4389">
     <span class='ocr_line' id='line_1_39' title="bbox 288 4230 1346 4300; baseline 0.009 -17"><span class='ocrx_word' id='word_1_310' title='bbox 288 4232 315 4299; x_wconf 79' lang='lat' dir='ltr'><strong>b)</strong></span> <span class='ocrx_word' id='word_1_311' title='bbox 334 4232 419 4285; x_wconf 90' lang='lat' dir='ltr'><strong>Meier</strong></span> <span class='ocrx_word' id='word_1_312' title='bbox 437 4231 472 4285; x_wconf 86' lang='lat' dir='ltr'><strong>de</strong></span> <span class='ocrx_word' id='word_1_313' title='bbox 490 4231 565 4285; x_wconf 89' lang='lat' dir='ltr'><strong>bouis</strong></span> <span class='ocrx_word' id='word_1_314' title='bbox 584 4230 699 4284; x_wconf 89' lang='lat' dir='ltr'><strong>damnat.</strong></span> <span class='ocrx_word' id='word_1_315' title='bbox 723 4245 784 4298; x_wconf 84' lang='lat' dir='ltr'><strong>pag.</strong></span> <span class='ocrx_word' id='word_1_316' title='bbox 804 4232 862 4285; x_wconf 92' lang='grc'><strong>122.</strong></span> <span class='ocrx_word' id='word_1_317' title='bbox 885 4230 948 4300; x_wconf 88' lang='lat' dir='ltr'><strong>Lys.</strong></span> <span class='ocrx_word' id='word_1_318' title='bbox 966 4232 988 4296; x_wconf 88' lang='lat' dir='ltr'><strong>l,</strong></span> <span class='ocrx_word' id='word_1_319' title='bbox 1014 4234 1055 4287; x_wconf 80' lang='grc'><strong>29.</strong></span> <span class='ocrx_word' id='word_1_320' title='bbox 1075 4235 1108 4288; x_wconf 88' lang='lat' dir='ltr'><strong>cl&#39;.</strong></span> <span class='ocrx_word' id='word_1_321' title='bbox 1127 4237 1207 4290; x_wconf 89' lang='lat' dir='ltr'><strong>etiam</strong></span> <span class='ocrx_word' id='word_1_322' title='bbox 1225 4245 1289 4291; x_wconf 88' lang='lat' dir='ltr'><strong>nota</strong></span> <span class='ocrx_word' id='word_1_323' title='bbox 1312 4239 1346 4293; x_wconf 89' lang='lat'><strong>14</strong></span> 
     </span>
     <span class='ocr_line' id='line_1_40' title="bbox 218 4318 1179 4389; baseline 0.006 -18"><span class='ocrx_word' id='word_1_324' title='bbox 218 4319 245 4372; x_wconf 91' lang='lat' dir='ltr'><strong>in</strong></span> <span class='ocrx_word' id='word_1_325' title='bbox 264 4319 352 4372; x_wconf 87' lang='lat' dir='ltr'><strong>Falkii</strong></span> <span class='ocrx_word' id='word_1_326' title='bbox 370 4319 551 4373; x_wconf 86' lang='lat' dir='ltr'><strong>translatione.</strong></span> <span class='ocrx_word' id='word_1_327' title='bbox 624 4319 651 4385; x_wconf 77' lang='grc'><strong>7)</strong></span> <span class='ocrx_word' id='word_1_328' title='bbox 670 4318 755 4372; x_wconf 88' lang='lat' dir='ltr'><strong>Meier</strong></span> <span class='ocrx_word' id='word_1_329' title='bbox 772 4325 800 4374; x_wconf 88' lang='lat' dir='ltr'><strong>et</strong></span> <span class='ocrx_word' id='word_1_330' title='bbox 817 4318 935 4373; x_wconf 88' lang='lat' dir='ltr'><strong>Schoem.</strong></span> <span class='ocrx_word' id='word_1_331' title='bbox 954 4321 973 4373; x_wconf 89' lang='lat'><strong>1.</strong></span> <span class='ocrx_word' id='word_1_332' title='bbox 999 4338 1021 4373; x_wconf 89' lang='lat' dir='ltr'><strong>c.</strong></span> <span class='ocrx_word' id='word_1_333' title='bbox 1040 4336 1100 4389; x_wconf 86' lang='lat' dir='ltr'><strong>pag.</strong></span> <span class='ocrx_word' id='word_1_334' title='bbox 1121 4324 1179 4377; x_wconf 81' lang='lat'><strong>165.</strong></span> 
     </span>
    </p>

    <p class='ocr_par' dir='ltr' id='par_1_9' title="bbox 221 4405 1335 4565">
     <span class='ocr_line' id='line_1_41' title="bbox 289 4405 1335 4475; baseline 0.006 -16"><span class='ocrx_word' id='word_1_335' title='bbox 289 4407 317 4473; x_wconf 88' lang='grc'><strong>8)</strong></span> <span class='ocrx_word' id='word_1_336' title='bbox 336 4407 379 4461; x_wconf 90' lang='lat' dir='ltr'><strong>W.</strong></span> <span class='ocrx_word' id='word_1_337' title='bbox 401 4407 585 4461; x_wconf 88' lang='lat' dir='ltr'><strong>Wachsmuth.</strong></span> <span class='ocrx_word' id='word_1_338' title='bbox 608 4405 676 4460; x_wconf 91' lang='lat' dir='ltr'><strong>Hell.</strong></span> <span class='ocrx_word' id='word_1_339' title='bbox 699 4406 846 4461; x_wconf 87' lang='lat' dir='ltr'><strong>Alterthsk.</strong></span> <span class='ocrx_word' id='word_1_340' title='bbox 865 4424 891 4475; x_wconf 97' lang='lat' dir='ltr'><strong>p.</strong></span> <span class='ocrx_word' id='word_1_341' title='bbox 913 4408 964 4462; x_wconf 86' lang='grc'><strong>280</strong></span> <span class='ocrx_word' id='word_1_342' title='bbox 982 4407 1031 4464; x_wconf 89' lang='lat' dir='ltr'><strong>Bd.</strong></span> <span class='ocrx_word' id='word_1_343' title='bbox 1053 4410 1335 4475; x_wconf 89' lang='lat' dir='ltr'><strong>l‚1Demosth.XIX</strong></span> 
     </span>
     <span class='ocr_line' id='line_1_42' title="bbox 221 4493 962 4565; baseline 0.007 -19"><span class='ocrx_word' id='word_1_344' title='bbox 221 4498 235 4557; x_wconf 56' lang='grc' dir='ltr'>ᾗ</span> <span class='ocrx_word' id='word_1_345' title='bbox 256 4494 308 4547; x_wconf 77' lang='grc'><strong>277</strong></span> <span class='ocrx_word' id='word_1_346' title='bbox 331 4495 483 4565; x_wconf 86' lang='lat' dir='ltr'><strong>Epicratem</strong></span> <span class='ocrx_word' id='word_1_347' title='bbox 504 4494 596 4565; x_wconf 85' lang='lat' dir='ltr'><strong>capitis</strong></span> <span class='ocrx_word' id='word_1_348' title='bbox 615 4493 769 4549; x_wconf 83' lang='lat' dir='ltr'><strong>damnatum</strong></span> <span class='ocrx_word' id='word_1_349' title='bbox 786 4509 845 4549; x_wconf 90' lang='lat' dir='ltr'><strong>esse</strong></span> <span class='ocrx_word' id='word_1_350' title='bbox 862 4498 962 4550; x_wconf 80' lang='lat' dir='ltr'><strong>narrat.</strong></span> 
     </span>
    </p>
   </div>
   <div class='ocr_carea' id='block_1_4' title="bbox 0 0 1582 5036">
    <p class='ocr_par' dir='ltr' id='par_1_10' title="bbox 0 0 1582 5036">
     <span class='ocr_line' id='line_1_43' title="bbox 0 0 1582 5036; baseline 0 0"><span class='ocrx_word' id='word_1_351' title='bbox 0 0 1582 5036; x_wconf 95' lang='lat' dir='ltr'><strong> </strong></span> 
     </span>
    </p>
   </div>
  </div>
 </body>
</html>
