3142 5036
706 206 923 312 ’.48-

236 408 408 498 τετηρίδα]
426 413 550 477 duraret
559 410 598 496 ¹),
623 412 762 495 Epicrati
783 415 913 479 minime
934 417 1037 497 potest
1057 417 1223 495 vindicari3
1245 423 1368 485 tantum

236 516 321 579 enim
340 518 444 594 abest,
475 517 510 579 61
541 517 638 581 066110
670 519 775 582 606166
805 537 912 582 ansam
939 519 1077 603 aliquam
1100 522 1188 586 nobis
1216 523 1368 588 1166661-

237 620 340 684 ciendi
362 620 497 698 dederit,
528 622 564 683 ut
586 621 619 683 16
641 639 677 683 66
699 620 876 702 Epicratem
899 622 998 685 socios
1027 622 1061 687 16
1082 642 1210 687 munere
1235 624 1369 688 admini-

238 726 364 804 strando
386 728 548 804 habuisse,
572 727 625 808 qui
646 726 842 790 accusatione
864 726 1018 809 implicati
1040 729 1144 792 essent
1166 730 1244 793 satis
1262 748 1368 811 super·

237 849 295 912 que
327 832 594 905 6066660616,
637 849 707 894 666
745 831 851 893 16666
888 849 983 894 unum
1019 828 1143 914 ταμίαν
1171 835 1227 917 τῆς
1257 835 1369 918 κοινῆς

238 931 560 1022 προςόδουΑ1166616
583 935 616 998 in
638 934 803 1016 quaternos
826 952 923 998 annos
946 934 1079 999 electum
1100 954 1167 1001 6666
1191 954 1209 1000 6
1230 928 1384 1000 Boelrhio¹

238 1041 411 1123 ceterisque
431 1040 508 1105 viris
529 1039 629 1104 doctis
652 1039 931 1104 constitutumsit.

320 1145 387 1209 lam
409 1162 481 1209 vero
504 1144 715 1219 Hamakerus,
746 1145 799 1225 qui
829 1143 862 1206 in
891 1144 997 1209 libello
1019 1145 1074 1210 1110
1096 1147 1176 1210 hanc
1198 1145 1368 1210 orationem

237 1244 403 1309 conflatam
426 1263 494 1310 esse
516 1263 533 1308 6
553 1243 671 1308 duobus
694 1243 880 1326 fragmentis
902 1244 985 1308 inter
1004 1264 1037 1309 se
1059 1246 1189 1310 diversis
1208 1246 1367 1310 ostendere

239 1349 384 1412 conatur:
414 1348 503 1425 „Hoc
525 1347 642 1430 ipsum,
666 1347 725 1424 611,
749 1347 828 1429 quod
851 1348 953 1411 orator
975 1367 1029 1430 pro
1044 1349 1188 1431 legitima
1201 1350 1367 1431 magistra·

238 1454 289 1516 tus
321 1450 528 1534 appellatione
559 1449 735 1514 nominibus
771 1468 845 1514 usus
875 1450 937 1527 est,
972 1469 1049 1533 quae
1069 1450 1212 1515 'indolem
1242 1452 1308 1516 eius
1337 1452 1368 1513 et

240 1557 397 1632 naturam,
421 1555 573 1638 quatenus
595 1555 646 1618 hic
664 1554 885 1637 requirebatur,
907 1556 1021 1637 partim
1044 1556 1131 1620 nobis
1152 1555 1367 1631 describerent,

241 1663 357 1728 indicio
378 1663 440 1738 661,
471 1680 541 1724 eum
564 1678 656 1743 supra
681 1660 714 1723 16
743 1662 849 1724 nostra
871 1661 1022 1736 oratione,
1052 1661 1106 1736 ubi
1131 1661 1168 1724 de
1190 1660 1257 1743 1066
1276 1678 1368 1723 66666

236 1771 422 1853 disputaret,
453 1769 576 1852 plenius
604 1770 636 1832 et
664 1754 838 1832 accuratius
868 1768 905 1831 dc
935 1769 1042 1832 eadem
1070 1786 1103 1831 re
1132 1768 1260 1843 dixisse,
1287 1786 1367 1830 nunc

236 1894 307 1938 vero
330 1874 454 1957 ingenio
483 1873 599 1956 polleat
629 1890 753 1936 6666666
776 1873 839 1949 661,
871 1871 923 1954 061
952 1871 1076 1936 illorum
1100 1872 1290 1954 superiomm
1312 1888 1368 1951 ope

237 1982 407 2045 destitutus
437 1983 515 2045 certi
544 1981 617 2063 quid
646 1982 755 2045 afferre
784 1981 862 2044 velit
889 1981 926 2044 de
942 1980 1134 2062 'magistratu
1156 1980 1189 2042 61
1208 1978 1367 2062 quomodo,

237 2088 290 2169 qui
303 2087 358 2151 illo
374 2086 588 2169 fungerentur,
607 2087 805 2169 praecipuam
821 2086 933 2149 aerarii
953 2104 1058 2148 curam
1079 2084 1273 2148 habuerint.“
1300 2084 1367 2146 Iam

237 2191 454 2276 Scheibius2),
477 2192 529 2274 qui
550 2192 664 2255 Batavi
686 2194 869 2274 argumenta
890 2189 1078 2254 labefactare
1108 2192 1244 2267 conatur,
1274 2209 1367 2272 oppo-

237 2297 315 2372 suit,
339 2296 410 2373 1116,
433 2316 511 2379 0666
533 2298 728 2362 Η66616666
750 2297 788 2361 ab
811 2299 913 2361 actore
936 2298 969 2360 16
992 2296 1198 2381 superioribus
1215 2297 1368 2380 copiosius

238 2399 392 2482 explicata
415 2418 482 2463 6666
505 2400 685 2475 contendat,
710 2399 805 2463 etiam
828 2400 866 2462 ab
888 2417 932 2473 eo,
956 2399 1009 2481 061
1029 2398 1113 2481 06106
1127 2399 1219 2463 verba
1241 2398 1369 2462 fecisset

237 2503 340 2565 actore
363 2502 396 2564 16
418 2501 592 2585 protologia
612 2502 732 2584 prolata
753 2520 820 2566 esse
841 2520 940 2584 posse.
968 2501 1072 2584 Atque
1094 2502 1195 2584 qualis
1215 2502 1369 2566 indicetur

237 2604 441 2686 magistratus
464 2605 566 2668 verbis
594 2599 742 2689 φύλακες
769 2601 826 2667 καὶ
853 2605 918 2667 τῶν
945 2599 1148 2669 ἀδικούντων
1170 2604 1367 2688 6661666613)

236 2709 421 2792 paragraphi
442 2709 567 2785 tertiae,
591 2729 661 2773 cum
680 2709 796 2792 Oedipo
819 2729 894 2792 opus
918 2728 999 2786 esse,
1022 2710 1075 2792 qui
1096 2710 1259 2774 divinando
1282 2727 1366 2773 asse·

238 2810 357 2890 quatur,
381 2810 562 2874 contendat:
590 2812 668 2874 certi
690 2810 857 2892 quidquam
880 2810 916 2873 de
938 2829 1066 2874 munere
1088 2812 1126 2874 ab
1148 2810 1290 2893 Epicrate
1312 2810 1365 2872 ad-

214 2996 217 3001 *
238 2911 417 2976 ministrato
436 2932 525 2995 posse
546 2914 659 2989 statui,
683 2913 844 2978 Scheibius
868 2912 1029 2995 desperare
1043 2913 1180 2977 61616166.
1200 2948 1245 2957 -

323 3019 429 3099 Longe
453 3019 548 3082 aliam
570 3020 602 3082 et
621 3019 712 3101 plane
734 3019 887 3083 diversam
902 3019 1062 3102 proposuit
1079 3018 1254 3101 opinionem
1269 3019 1373 3099 Fran-⁸

237 3119 378 3196 clrcnius,
398 3121 451 3203 qui
466 3123 564 3185 totam
582 3122 730 3186 orationis
744 3122 907 3186 materiem
925 3141 961 3185 ac
980 3122 1202 3186 sententiarum
1219 3141 1364 3187 conexum

116 3244 122 3257 ,
237 3222 403 3305 disponens
418 3224 562 3308 (0200),
585 3244 646 3289 606
662 3227 781 3289 666166
803 3245 916 3289 66666
930 3226 1013 3289 6616
1035 3226 1170 3307 gessisse
1192 3226 1366 3308 Epicratem

239 3328 365 3409 eiusque
388 3329 487 3393 socios
511 3329 624 3405 credit,
648 3328 701 3393 sed
723 3329 848 3393 omnino
870 3329 997 3410 Lysiam
1020 3329 1053 3391 in
1075 3326 1244 3391 factionem
1266 3330 1367 3391 orato-

237 3453 306 3497 rum
335 3435 492 3499 venalium
522 3437 554 3499 et
582 3436 649 3499 arte
677 3435 851 3518 potentium
882 3433 999 3509 invehi,
1032 3432 1085 3513 qui
1112 3432 1365 3515 6606116606-

239 3540 365 3603 mittere
388 3540 538 3617 solerent,
561 3557 593 3602 se
614 3539 812 3622 potissimum
827 3536 1027 3619 reipublicae
1042 3535 1256 3616 prospecturos
1271 3534 1321 3615 (go
1333 3534 1365 3614 3)

238 3647 281 3708 ut‘
296 3646 358 3729 ipsi
380 3646 466 3710 lucra
488 3647 580 3729 atque
610 3642 820 3710 emolumenta
848 3643 908 3706 siti
929 3638 1167 3724 vindicarent4).
1213 3639 1270 3704 Sed
1295 3637 1366 3721 quid

220 3892 228 3903 ,
306 3836 333 3903 1)
355 3837 389 3891 61.
407 3838 503 3892 Boekh
521 3836 739 3893 Staatshaushalt
756 3836 769 3888 Ι
788 3851 813 3902 p.
832 3834 883 3888 222
902 3847 940 3899 sq.
966 3831 1085 3885 Schoem.
1100 3831 1214 3887 Altertlr.
1233 3830 1254 3884 l.
1273 3826 1366 3897 0444.

239 3924 274 3979 Κ.
294 3924 382 3980 Fried.
402 3926 540 3981 Hermann
558 3928 572 3991 §
591 3926 649 3981 151.
669 3926 710 3979 10.
728 3940 768 3991 gr.
789 3919 987 3976 Staatsaltertlr.

307 4010 335 4076 2)
355 4009 450 4065 Verior
468 4010 518 4064 hac
537 4010 642 4077 quidem
666 4009 695 4063 in
713 4012 790 4078 parte
808 4013 898 4060 tamen
916 4004 1105 4070 Hamakerus,
1133 4020 1192 4058 cum
1215 4003 1301 4056 oratio
1320 4017 1366 4056 no

237 4100 295 4151 stra
312 4112 366 4152 non
384 4096 504 4164 epilogus
525 4095 567 4149 sit.
586 4094 619 4148 ci.
639 4092 771 4161 particula
787 4090 814 4143 11
832 4089 910 4144 huius
929 4089 1132 4145 dissertationis.

307 4187 334 4253 3)
354 4184 437 4238 Falso
453 4183 621 4236 Hamakerus
647 4180 681 4236 dc
707 4180 809 4249 legistis
834 4185 861 4260 61
889 4178 1012 4246 euthynis
1038 4180 1163 4246 cogitarit
1188 4179 1235 4233 cli.
1262 4175 1366 4231 schooll

245 4274 353 4340 Quaest.
372 4272 427 4326 fisc.
451 4286 512 4341 pag.
532 4271 566 4326 18
585 4276 650 4325 6016
667 4270 692 4324 2.

308 4357 336 4424 4)
354 4357 478 4410 Similiter
491 4357 589 4411 Mdller
609 4356 746 4424 (Beitrtge
763 4371 811 4410 zur
828 4354 917 4410 Kritik
941 4353 988 4407 des
1013 4353 1118 4422 Lysias,
1139 4349 1271 4415 Mersebg.
1287 4348 1365 4408 1862)

240 4457 302 4509 pag.
323 4446 365 4496 13.
384 4443 529 4521 oratioqcm
548 4443 646 4496 nonin
665 4442 816 4513 Epicratem
835 4448 862 4498 ct
880 4441 964 4496 socios
982 4439 1047 4509 eius,
1067 4440 1113 4494 sed
1131 4438 1216 4491 solum
1235 4436 1263 4488 16
1282 4436 1366 4489 socios
