3142 5036
675 245 887 307 ,-24--

221 406 410 488 legationem
432 406 535 484 illam,
565 426 642 491 qnae
663 408 755 490 vulgo
778 408 885 485 fertur,
908 410 989 472 male
1008 411 1130 491 gestam
1153 433 1346 497 nequaquam

223 512 387 576 tenendam
415 533 482 578 1111
512 533 582 577 oum
604 515 715 578 ceteris
744 514 965 597 interpretibus
988 517 1106 593 statuo,
1136 520 1247 603 quippe
1275 541 1347 584 cum

222 637 279 681 vor
301 617 356 681 illa
379 618 658 702 συμπρεσβευτῶν
681 619 724 682 111
746 619 925 695 subditicia,
958 621 1064 703 atque,
1087 624 1123 686 ut
1144 624 1210 706 ipse
1231 626 1346 689 Franc-

222 719 331 784 kenins
351 719 437 795 dicit,
458 720 529 802 post
551 720 719 784 sectionem
738 721 872 803 primam
892 722 972 786 nihil
991 723 1034 786 sit
1055 723 1088 786 in
1110 726 1177 789 tota
1199 728 1346 804 oratione,

224 821 303 905 qnod
324 821 362 884 ad
384 821 572 904 legationem
594 821 676 886 male
697 824 820 906 gestam
846 822 1007 888 referatm.
1051 826 1131 889 Tum
1161 847 1222 892 non
1251 828 1349 904 video,

224 925 276 1008 qni
296 924 365 988 fieri
387 925 502 1007 possit,
524 926 561 988 ut
580 925 694 1008 plurali
716 926 771 991 illo
799 927 996 1003 „defensores
1027 928 1205 1011 Epicratis“
1228 930 1349 1014 signifi·

224 1029 342 1105 centur,
364 1048 434 1092 cum
456 1029 493 1109 ἕο
507 1027 687 1114 dnodecima
704 1024 849 1112 δημόται
871 1026 928 1093 καὶ
951 1027 1049 1116 φίλοι
1070 1027 1241 1108 κλαίοντες
1259 1030 1350 1109 ἐξαι-

223 1135 361 1196 τεῖσθαι
383 1126 536 1207 αὐτοὺς
558 1126 639 1219 παρ’
662 1128 753 1216 ὑμῶν
775 1134 830 1215 (11.
852 1134 1029 1217 Epicratem
1049 1135 1082 1197 et
1104 1135 1215 1217 socios)
1238 1136 1350 1217 Lysias

224 1234 374 1298 vereatur.
416 1233 541 1297 Etenim
562 1253 623 1297 non
646 1254 721 1318 opus
743 1234 806 1299 fuit
826 1235 942 1299 amicos
971 1254 1026 1317 pro
1054 1234 1266 1300 defensoribus
1296 1237 1349 1300 de-

223 1336 360 1418 precari,
389 1335 441 1399 sed
469 1337 568 1400 solum
597 1356 652 1420 pro
679 1337 756 1415 reis,
787 1338 866 1420 quod
893 1337 1018 1420 quidem
1050 1339 1116 1420 ipse
1143 1339 1351 1404 Franckenius

223 1457 292 1521 pag.
315 1437 486 1502 11411111.
529 1439 576 1502 Ac
603 1459 672 1503 cum
703 1441 869 1505 contendat
898 1440 1068 1523 significari
1096 1443 1221 1507 omnino
1250 1443 1350 1509 malos

228 1538 423 1621 demagogos,
447 1539 499 1622 qui
519 1539 634 1622 partim
657 1542 804 1619 „correi,“
824 1542 939 1625 partim
960 1541 1147 1620 defensores,
1161 1544 1276 1626 partim
1297 1545 1351 1609 de-

223 1644 398 1726 precatores
426 1644 503 1722 sint,
533 1645 599 1708 tam
630 1645 727 1711 latam
757 1646 806 1710 illi
833 1647 947 1729 plurali
976 1648 1121 1712 attribuit
1152 1650 1350 1726 sententiam,

224 1745 260 1807 nt
281 1745 317 1808 de
340 1745 433 1809 certis
452 1746 592 1828 personis
616 1747 742 1811 omnino
763 1747 895 1831 cogitari
917 1749 1065 1830 nequeat,
1100 1748 1153 1812 sed
1174 1749 1272 1813 oratio
1294 1769 1350 1814 no·

226 1848 426 1913 straminum
448 1850 482 1913 in
502 1849 627 1913 modum
649 1850 751 1932 magis
778 1850 912 1916 invectio
943 1850 1046 1933 aliqua
1061 1850 1108 1922 ‚in
1136 1851 1236 1915 malos
1258 1851 1351 1929 circe,

225 1970 317 2034 qnam
347 1952 537 2016 accusatoria
563 1951 601 2016 ad
636 1954 754 2016 certam
783 1971 908 2018 causam
937 1952 1022 2017 facta
1050 1953 1199 2018 videatur.
1264 1955 1351 2033 Quod

225 2075 349 2140 prorsus
381 2058 429 2121 est
458 2057 711 2140 improbandum,
740 2059 793 2122 sed
821 2059 1031 2123 Franckenius
1060 2060 1140 2124 hanc
1175 2060 1351 2144 opinionem

225 2163 390 2245 protulisse
411 2162 541 2240 videtur,
564 2163 600 2225 ut
621 2162 772 2245 quoddam
792 2164 835 2227 sit
855 2163 1091 2227 fundamentum
1111 2164 1220 2229 iudicii
1243 2165 1292 2229 sui
1314 2165 1352 2229 de

226 2264 323 2327 totius
345 2263 494 2328 orationis
518 2264 652 2346 origine,
680 2282 772 2347 quam
795 2282 813 2326 a
834 2265 957 2328 rhetore
982 2266 1151 2347 posteriore
1172 2286 1234 2331 non
1252 2267 1351 2349 pessi-

225 2390 277 2434 mo
306 2390 322 2434 e
351 2370 489 2435 flosculis
519 2371 660 2453 Lysiaeis
698 2371 730 2433 et
758 2364 1010 2435 Demosthenicis
1042 2371 1245 2454 compositam
1275 2390 1352 2447 esse,

227 2473 288 2538 sibi
311 2475 405 2538 habet
424 2492 614 2556 persuasum.
635 2511 678 2520 -

309 2620 377 2684 lam
398 2636 469 2683 vero
495 2618 531 2681 de
544 2618 784 2694 accusatoribus,
801 2635 876 2699 qnos
891 2617 995 2699 plnres
1014 2616 1112 2680 fuisse
1135 2617 1167 2679 in
1189 2617 1247 2680 hac
1260 2635 1353 2679 cansa

225 2723 366 2788 videmus
388 2740 404 2784 e
427 2722 494 2804 §§is
516 2721 589 2785 XIV
612 2721 644 2783 et
664 2720 732 2802 XV,
764 2719 797 2782 in
819 2718 929 2801 quibus
954 2719 1061 2801 utique
1083 2718 1212 2801 pluralis
1242 2719 1352 2794 exstat,

226 2826 318 2906 atque
339 2823 377 2886 de
398 2840 449 2899 eo,
473 2822 525 2904 qui
547 2823 626 2884 hanc
649 2819 820 2884 orationem
845 2819 972 2895 dixerit,
995 2819 1084 2882 tanta
1111 2819 1159 2882 est
1182 2818 1352 2882 obscmitas

227 2928 258 2990 et
289 2926 450 2990 silentium
479 2944 533 3007 per
563 2924 662 2988 totam
694 2923 880 2999 orationem,
917 2923 953 2986 111
989 2922 1147 2986 neminem
1178 2923 1354 2986 coniectura

227 3032 392 3115 quidquam
415 3031 492 3094 certi
514 3030 552 3093 de
575 3029 639 3094 illis
662 3029 785 3112 assequi
805 3047 911 3111 posse,
939 3047 994 3111 per
1016 3047 1048 3092 se
1070 3027 1279 3109 intellegatur.
1330 3079 1335 3097 .,

309 3169 461 3233 Iudicium
483 3187 563 3244 vero,
585 3167 773 3231 utbreviter
795 3185 1048 3243 commemorem,
1069 3166 1141 3228 ante
1163 3164 1242 3247 quod
1270 3166 1352 3227 hanc

227 3291 352 3337 causam
374 3272 476 3335 aetam
498 3288 565 3334 esse
587 3270 742 3352 putamus,
763 3266 884 3330 videtur
912 3267 1010 3330 fuisse
1031 3265 1234 3329 heliastarnm
1256 3264 1351 3328 colle·
1412 3339 1418 3346 .

226 3382 313 3465 gium
326 3381 360 3463 ¹),
381 3378 459 3462 quod
482 3398 498 3441 1
520 3379 557 3460 §o
577 3376 678 3460 prima
694 3365 786 3439 facile
804 3375 908 3458 potest
923 3372 1065 3455 perspici,
1084 3390 1143 3454 qna
1162 3372 1353 3453 paragrapho

228 3487 328 3550 orator
352 3504 423 3548 cmn
445 3482 547 3547 verbis
570 3478 743 3568 ἐπιλείψει
765 3475 852 3561 ὑμᾶς
874 3472 893 3566 ἡ
913 3474 1094 3563 μισθφορά
1127 3477 1253 3542 denotat
1274 3477 1353 3541 illud

227 3591 364 3654 iudicum
387 3588 593 3673 stipendium,
623 3587 702 3671 quod
724 3587 875 3650 heliastac
898 3605 914 3648 1
936 3584 1067 3648 Periclis
1088 3585 1279 3667 temporibus
1301 3604 1352 3649 ao-

228 3695 328 3778 cipere
351 3692 493 3757 solebant
516 3694 539 3775 ).

310 3831 511 3907 Formula,
542 3849 618 3913 quae
647 3829 742 3895 fuerit
763 3802 1044 3890 accusationis
1071 3845 1152 3890 nnnc
1174 3829 1290 3905 restat,
1318 3829 1354 3890 nt

227 3934 398 4017 indagetm.
442 3934 584 3998 Blassius
607 3937 648 4017 (p.
670 3933 745 4014 446)
763 3948 887 3994 causam
904 3948 972 3995 esse
994 3930 1127 3995 fortasse
1149 3926 1354 4016 εἰςαγγελιάν

227 4038 418 4120 suspicatum
442 4036 494 4100 sed
517 4036 549 4099 id
570 4036 639 4099 fieri
661 4034 777 4116 nequit.
821 4033 868 4094 De
897 4032 965 4115 lege
990 4027 1217 4121 εἷςαγγιλιικῇ
1238 4055 1354 4117 magna

297 4269 322 4331 1)
347 4265 389 4319 Ι11
407 4265 485 4319 etiam
506 4265 582 4317 Blass
603 4279 628 4330 p.
646 4262 704 4317 446.
726 4262 858 4316 Numerus
883 4279 972 4316 eorum
992 4269 1047 4315 tum
1072 4268 1129 4315 erat
1152 4263 1180 4316 in
1202 4263 1249 4316 toli
1270 4276 1352 4315 causa

227 4353 365 4420 quingenti
383 4356 410 4405 et
428 4368 497 4405 unus
516 4352 548 4404 cl'.
567 4352 669 4405 Boekh.
690 4348 860 4403 Stantshshlt.
879 4349 892 4402 I
909 4366 934 4416 p.
953 4350 1030 4403 2701.

295 4457 323 4523 2)
343 4454 422 4505 111111
440 4457 467 4505 11
485 4452 655 4528 Schoemomr.
675 4455 730 4509 Act,
751 4452 861 4507 Procoss
882 4469 907 4521 p.
930 4453 985 4506 136.
