3142 5036
631 278 845 341 ..17-

179 463 306 509 munere
333 445 461 508 obscuro
485 443 672 506 coniecturis
695 444 779 506 certe
802 441 1013 522 consequitur:
1043 444 1178 524 poristas
1205 441 1303 505 fuisse

179 547 346 629 collegium
368 545 503 609 electum
525 545 563 608 ad
586 547 727 627 sumptus
744 545 789 606 rei
810 543 951 626 publicae
966 546 1188 625 procurandum
1212 547 1303 626 atque

177 652 217 716 Κ.
241 652 276 715 F.
298 650 497 714 Hermannus
515 650 548 712 et
568 648 741 713 Schoellius
754 649 778 729 ¹)
801 665 854 711 eos
876 647 1133 713 extraordinarios
1148 647 1303 711 redituum

177 757 371 840 publicorum
400 750 579 839 quaestores
608 754 706 818 fuisse
731 754 963 836 proposuerunt.
1016 753 1075 819 Sed
1106 755 1165 817 hoc
1187 752 1303 816 emim

144 923 149 931 ,
178 857 318 920 ueterum
347 856 508 919 auctorum
530 854 675 930 silentio,
704 872 763 935 quo
785 855 844 917 hoc
874 872 986 916 munus
1009 854 1101 936 plane
1121 853 1304 936 praetermi-

175 954 294 1032 serunt,
315 956 419 1037 potest
440 954 591 1032 concludi,
615 955 670 1017 aut
690 953 769 1017 illud
790 953 957 1036 collegium
988 972 1042 1036 per
1065 956 1155 1018 breve
1180 954 1304 1018 tantum

177 1062 327 1145 temporis
355 1062 492 1144 spatium
521 1060 656 1124 Athenis
684 1060 837 1142 viguisse,
872 1060 926 1123 aut
955 1059 1047 1135 illud,
1079 1079 1148 1124 cum
1176 1060 1305 1141 vigeret,

179 1164 256 1229 satis
279 1164 389 1247 exigua
410 1164 550 1247 potentia
579 1164 672 1246 atque
702 1162 887 1226 auctoritate
917 1162 1016 1226 fuisse
1043 1163 1247 1237 instructum,
1270 1162 1306 1223 ut

179 1270 212 1332 et
235 1270 371 1333 oratores
393 1268 484 1332 attici
507 1285 672 1349 eorumque
692 1266 859 1349 scriptores
881 1266 1025 1349 aequales
1049 1268 1081 1329 et
1096 1265 1306 1347 lexicographi

178 1370 359 1452 posterioris
381 1371 532 1453 temporis
554 1371 644 1454 plura
666 1371 703 1434 de
723 1370 778 1435 illo
801 1371 932 1454 collegio
961 1371 1062 1435 dicere
1084 1372 1174 1455 plane
1199 1391 1305 1454 super·

181 1469 333 1533 sederent.
363 1506 406 1514 —
450 1470 531 1548 Quid
553 1471 650 1553 igitur
672 1470 710 1535 dc
733 1470 789 1534 illa
816 1471 993 1536 coniectura
1020 1477 1303 1560 ,,οομιτοριοτιῦν“

180 1571 379 1636 statuendum
403 1573 486 1637 erit?
529 1573 657 1637 Falkius
679 1609 722 1618 -
743 1574 775 1637 id
796 1574 1025 1639 concedendum
1048 1578 1097 1639 est
1125 1613 1167 1622 —
1189 1594 1304 1659 inagna

181 1672 353 1753 sagacitate
376 1691 444 1737 eam
465 1675 605 1757 protulit,
629 1675 683 1738 sed
702 1676 808 1738 tamen
830 1675 888 1740 duo
911 1676 1111 1758 potissimum
1134 1678 1215 1753 sunt,
1237 1678 1305 1759 qui-

181 1778 239 1840 bus
261 1780 420 1860 permotus
442 1781 516 1862 quin
537 1782 629 1864 plane
651 1799 670 1844 a
690 1781 799 1845 Falkio
822 1781 1006 1846 dissentiam
1034 1783 1137 1847 facere
1158 1802 1220 1847 non
1235 1802 1307 1865 pos-

184 1900 263 1945 sum.
306 1882 452 1959 Unum,
482 1883 561 1965 quod
591 1883 621 1946 ei
642 1902 793 1965 opponam
816 1884 849 1946 et
870 1901 961 1965 supra
983 1883 1047 1947 iam
1069 1882 1182 1948 leviter
1203 1883 1315 1964 attigi,—

181 1986 239 2050 hoc
267 1988 334 2050 est:
364 1988 466 2070 priore
494 1989 619 2052 tanturn
648 1990 786 2070 tempore
822 1987 867 2050 rei
896 1988 1038 2070 publicae
1067 1987 1308 2052 Atheniensium

182 2105 295 2151 munus
318 2087 397 2151 illud
420 2088 578 2152 exstitisse
597 2088 730 2165 videtur,
752 2088 807 2165 ita,
838 2089 874 2151 ut
894 2089 1001 2153 auctor
1020 2089 1232 2164 coniecturae,
1255 2087 1309 2171 qui

182 2189 261 2253 illud
282 2209 344 2254 non
366 2191 528 2269 infitiatur,
550 2192 732 2257 concludere
755 2191 882 2274 cogatur
911 2192 1021 2268 „vetus
1044 2191 1123 2256 illud
1142 2192 1309 2274 collegium

183 2296 371 2378 „posteriore
394 2297 551 2378 tempore“
574 2315 610 2360 ac
632 2296 743 2373 „modo
766 2294 1026 2359 extraordinario‘
1050 2296 1082 2358 et
1111 2297 1163 2372 „in
1185 2297 1309 2377 tempus

183 2397 327 2478 aliquod‘
358 2417 463 2463 rursus
484 2398 666 2463 restitutum
689 2404 786 2463 esse.“
828 2399 889 2462 His
920 2398 953 2461 in
982 2400 1085 2463 verbis
1109 2400 1172 2462 tres
1202 2398 1310 2462 insunt

185 2503 380 2567 coniecturae
403 2504 435 2568 et
462 2504 686 2568 audacissimae
716 2503 858 2585 quidem,
881 2521 951 2566 oum
980 2503 1076 2567 nullis
1099 2503 1239 2567 nitantur
1259 2521 1308 2566 ar-

184 2607 353 2688 gumentis.
403 2607 462 2673 Sed
492 2607 618 2671 etiamsi
645 2607 754 2670 Falkio
782 2606 968 2688 largiamur,
1006 2606 1037 2670 id
1067 2606 1206 2688 potuisse
1231 2604 1310 2679 fieri,

184 2708 289 2776 tamen
314 2706 490 2771 alterum
513 2707 543 2770 ei
562 2707 674 2771 obstat.
717 2706 845 2769 Frustra
864 2705 948 2768 enim
968 2705 1185 2787 anquiramus,
1207 2703 1244 2765 ut
1264 2702 1311 2766 ait

186 2802 374 2882 Schoellius‚
405 2825 463 2887 quo
492 2806 559 2869 iure
587 2800 749 2885 πορισταὶ
778 2807 883 2868 nostra
910 2805 943 2868 in
965 2805 1103 2869 oratione
1129 2804 1179 2886 (ἕο
1203 2802 1310 2884 tertia)

186 2907 346 2971 noxiorum
368 2908 562 2977 vindiceset
583 2908 822 2990 investigatores
847 2907 965 2990 publici
990 2909 1121 2972 existere
1143 2906 1310 2990 potuerint.

188 3008 235 3071 Ad
263 3009 340 3072 haec
371 3028 442 3073 oum
470 3008 596 3072 accedat
625 3007 704 3089 quod
740 3009 832 3071 verba
861 3012 926 3071 τῶν
956 3011 1246 3096 συμπρεσβευτῶν,
1278 3008 1311 3070 in

188 3112 296 3193 quibus
318 3113 432 3177 nititur
453 3112 556 3176 Falkii
578 3112 764 3187 coniectura,
788 3111 918 3176 minime
942 3114 1015 3176 sunt
1036 3112 1170 3195 genuina
1187 3112 1311 3195 Lysiae,

186 3216 239 3280 sed
269 3217 450 3299 posterioris
479 3216 681 3293 enarratoris,
714 3234 775 3279 non
805 3214 952 3279 iniuriam
982 3233 1033 3278 me
1059 3216 1214 3279 facturum
1244 3232 1311 3279 esse

186 3321 295 3385 Falkio
318 3322 458 3397 arbitror,
481 3321 510 3384 si
532 3321 598 3385 eius
620 3320 829 3385 coniecturam
848 3339 972 3403 prorsus
993 3320 1226 3403 improbandam
1242 3338 1310 3385 esse

187 3428 302 3492 statuo.

271 3520 367 3597 Porro
389 3533 510 3595 Baurus
532 3530 709 3613 Epicratem
735 3530 868 3595 sortasse
898 3532 1093 3613 quaestorem
1123 3530 1234 3594 aerarii
1255 3549 1312 3612 pu·

186 3638 261 3703 blioi
283 3632 407 3720 ταμίαν
429 3637 487 3721 τῆς
508 3636 620 3722 κοινῆς
638 3630 806 3721 προςόδοο
829 3636 895 3718 (qui
918 3636 1014 3700 ctiam
1037 3633 1239 3721 ἐπιμελητής
1254 3638 1313 3718 τῆς

186 3737 297 3819 κοινῆς
328 3733 496 3822 ποοςόδοο
526 3734 575 3798 vel
607 3726 625 3798 ὁ
658 3729 715 3797 ἑτιὶ
744 3735 785 3819 τῇ
807 3729 972 3818 διοικήσει
995 3733 1192 3815 nominatur)
1215 3732 1313 3798 fuisse

186 3842 354 3926 proposuit.
411 3839 498 3918 Quod
530 3838 655 3921 quidem
693 3838 743 3903 vix
772 3839 917 3921 cuiquam
947 3838 1093 3903 credibile
1125 3838 1201 3911 erit3
1240 3857 1312 3903 nans

94 3976 98 3980 ·
188 3945 327 4020 Baurus‚
350 3944 386 4005 ut
407 3942 486 4005 mihi
506 3941 637 4018 videtur,
667 3940 762 4004 nullis
790 3940 851 4003 niti
873 3941 977 4022 potest
998 3941 1189 4023 argumentis
1211 3941 1313 4006 sivee

188 4048 294 4109 nostra
319 4044 457 4108 oratione
487 4043 566 4106 sive.
590 4040 714 4105 aliunde
746 4039 947 4121 conquisitis3
989 4059 1102 4102 munus
1133 4057 1205 4103 uero
1235 4038 1314 4102 illud

187 4147 310 4229 ταμίου
338 4148 395 4232 τῆς
425 4147 538 4230 κοινῆς
569 4141 739 4231 epogdoos
775 4163 847 4206 cum
883 4162 1039 4206 summum
1067 4145 1150 4208 esset
1179 4141 1314 4206 Athenis

189 4253 222 4315 in
244 4250 383 4334 pecuniis
405 4249 536 4332 publicis
560 4245 813 4312 administrandis
833 4245 925 4328 atquc
949 4245 1093 4325 quattuor
1110 4262 1206 4306 annos
1223 4239 1315 4327 [rusv-

259 4479 285 4544 1)
302 4475 414 4533 Schoell.
434 4481 527 4541 quaeest
546 4474 600 4525 tiso.
618 4486 678 4540 pag.
701 4472 741 4524 18.
1079 4506 1093 4533 4

1144 4575 1160 4625 2
