3142 5036
657 290 728 383 es
751 282 934 389 esras:
950 283 999 380 a}
1015 285 1025 365 ε

204 447 363 537 ἐπίλογος
385 453 531 517 denotata
561 454 701 519 continet
717 453 918 523 ,sententiam
948 451 1103 535 prooemio
1126 454 1332 536 —quamvis

203 557 631 623 brevi—accommodatam:
657 551 695 621 ‘0
711 556 772 639 μὲν
789 553 877 640 ἀγών
894 544 992 632 οὗτος
1003 553 1070 619 κτλ.
1081 594 1124 602 -
1140 556 1218 621 Cum
1233 557 1330 641 igitur
1408 543 1410 547 ¹

205 663 340 727 nondum
366 664 443 728 satis
465 664 600 740 constet,
630 664 742 753 utrum·
757 661 950 746 prooemium
977 661 1010 724 in
1032 661 1331 745 epilogis-necessa

203 768 285 832 rium
308 769 350 833 sit
372 787 483 846 neone,
514 788 550 832 ex
570 787 619 844 eo,
651 766 730 850 quod
752 765 850 830 oratio
874 764 1030 848 prooemio
1053 765 1171 842 careat,
1202 764 1332 829 minime

204 892 273 936 eam
296 868 456 957 ἐπίλογον
478 891 545 938 esse
571 872 679 956 colligi
705 872 823 954 potest,
859 870 955 934 immo
978 868 1006 933 si
1032 868 1071 933 ad
1094 869 1239 933 deficiens
1261 888 1332 952 pro-

204 977 338 1042 oemium
354 979 434 1045 aliae
454 996 572 1061 qnoque
595 995 705 1041 causae
727 974 890 1052 accedunt,
913 973 987 1057 quin
1008 974 1106 1037 oratio
1123 974 1262 1057 epilogus
1280 972 1332 1049 sit,

204 1080 270 1144 iure
291 1081 395 1161 potest
417 1080 560 1144 dubitari.
606 1078 689 1156 Quas
713 1095 821 1142 causas
845 1077 878 1139 in
899 1075 1063 1159 Epicrates
1085 1075 1202 1140 multas
1224 1074 1332 1140 adesse

204 1182 438 1247 demonstrator

287 1285 403 1362 Verba,
434 1304 510 1368 quae
532 1285 565 1349 in
586 1284 787 1368 inscriptione
816 1285 961 1369 leguntur
984 1277 1143 1365 ἐπίλογος
1172 1278 1219 1361 ὠς
1245 1279 1331 1350 Θεό-

203 1387 311 1475 δωρος
333 1389 465 1454 rhetoris
487 1389 537 1453 vel
558 1389 758 1472 grammatici
778 1389 985 1473 posteriorum
1012 1388 1187 1469 temporum
1210 1390 1331 1454 addita·

202 1489 343 1552 mentum
364 1489 471 1571 utique
494 1490 638 1571 suspecta
660 1508 696 1552 ac
718 1507 757 1552 ne
778 1488 868 1553 flocci
890 1486 1033 1552 facienda
1056 1490 1153 1571 essel)
1173 1525 1216 1534 -
1239 1490 1272 1554 in
1298 1510 1333 1555 eo

202 1594 309 1676 opinor
331 1611 437 1657 omnes
465 1610 587 1657 mecum
610 1592 785 1657 consentire
812 1592 895 1656 viros
925 1591 1039 1655 doctos.
1085 1590 1170 1669 Quae
1192 1612 1263 1657 oum
1286 1594 1333 1658 ita

203 1697 279 1771 sint,
311 1696 474 1778 iudicium,
506 1696 584 1778 quod
615 1696 652 1759 dc
680 1697 739 1759 hac
769 1697 932 1779 Epicratea
960 1695 1098 1760 oratione
1128 1697 1331 1761 constituturi

203 1815 325 1872 sumus,
347 1813 472 1879 prorsus
494 1795 650 1878 integrum
671 1796 727 1859 est.
758 1796 881 1873 Oratio,
904 1815 996 1878 quam
1013 1796 1213 1879 superstitem
1234 1798 1329 1862 habe-

201 1921 287 1977 mus,
315 1901 435 1964 brevior
465 1920 557 1983 quam
582 1919 637 1983 par
659 1900 707 1964 est
729 1900 859 1977 videtur,
889 1900 1061 1984 pleniorem
1083 1901 1237 1984 quondam
1259 1921 1328 1966 eam

203 2003 299 2067 fuisse
321 2004 459 2086 suspicor
481 2022 497 2066 e
519 2004 611 2068 verbo
632 2003 687 2066 illo
711 2002 924 2081 καταδιῶξοι,
948 2005 1028 2086 quod
1050 2006 1273 2087 grammaticus
1298 2008 1331 2071 in

201 2108 333 2172 Beklreri
354 2108 524 2172 Anecdotis
548 2127 564 2172 e
585 2109 698 2192 Lysiae
720 2109 753 2173 in
768 2108 945 2192 Epicratem
968 2109 1106 2174 oratione
1126 2110 1254 2188 citarit,
1278 2113 1331 2176 sed

200 2232 262 2277 non
282 2214 346 2276 iam
361 2214 463 2277 erstat
482 2213 515 2277 in
531 2232 566 2277 ea
582 2213 732 2278 orationis
751 2215 848 2297 parte,
871 2232 948 2296 quae
971 2233 989 2277 a
1011 2215 1185 2297 temporum
1205 2215 1331 2280 iniuriis

200 2317 289 2380 nobis
312 2317 433 2381 seruata
461 2317 518 2380 est.
561 2317 786 2382 Hoelsoherum
809 2316 944 2381 vidimus
967 2317 1046 2381 illud
1065 2319 1193 2383 verbum
1215 2318 1330 2384 referre

203 2416 344 2484 Scheibio
367 2422 515 2502 probante
535 2420 573 2484 ad
588 2420 768 2504 primariam
788 2421 942 2504 quandam
964 2422 1077 2504 Lysiae
1101 2423 1273 2488 orationem
1295 2426 1329 2488 in

201 2525 380 2607 Epicratem
403 2525 559 2610 scriptam.
597 2525 666 2603 Sed,
693 2527 810 2610 opinor,
833 2527 861 2592 si
883 2527 921 2590 ad
943 2528 1172 2611 probabilitatis
1195 2530 1330 2596 calculos

199 2647 250 2693 res
271 2630 441 2694 revocanda
463 2632 524 2706 est,
546 2630 645 2694 multo
665 2630 869 2694 verisimilius
892 2631 954 2707 est,
976 2631 1035 2695 hoc
1057 2633 1184 2696 verbum
1205 2632 1241 2700 iu
1260 2633 1328 2717 ipsa

201 2736 307 2799 nostra
330 2736 467 2801 oratione
490 2735 587 2801 fuisse
611 2736 760 2820 scriptum
782 2772 825 2780 -
849 2737 941 2818 atque
964 2736 997 2800 in
1019 2738 1120 2820 priore
1143 2737 1209 2802 eius
1230 2740 1327 2821 parte,

201 2854 292 2917 quam
315 2857 370 2901 nos
394 2838 537 2902 amisisse
558 2837 752 2902 dolemus-
766 2856 858 2920 quam
881 2837 956 2902 duas
978 2838 1011 2901 in
1033 2839 1209 2922 Epicratem
1231 2840 1328 2906 fuisse

201 2934 355 2999 orationes
380 2938 411 2998 et
433 2937 466 2998 in
495 2936 593 2998 altera
614 2935 738 3018 quidem
760 2934 838 2998 illud
865 2936 1049 3002 vocabulum
1073 2937 1189 3000 lectum
1211 2938 1326 3002 fuisse!

198 3037 286 3102 Adde
309 3038 486 3100 alterum
508 3039 740 3119 argumentum,
769 3057 823 3101 our
844 3039 1041 3121 Epicrateam
1070 3059 1146 3105 non
1168 3042 1323 3125 epilogum

200 3158 269 3203 esse
300 3140 423 3223 putem,
453 3139 532 3221 quod
561 3140 625 3202 iam
647 3140 842 3207 Hamakerus
874 3141 973 3205 obiter
1002 3142 1124 3224 attigit,
1154 3145 1202 3208 est
1224 3146 1328 3209 autem

202 3241 302 3305 multo
325 3241 453 3304 maioris
472 3233 514 3303 ¹ad
536 3242 780 3322 persuadendum
802 3243 970 3307 momenti:
991 3243 1069 3307 Oum
1092 3246 1175 3310 enim
1198 3248 1328 3311 oratoris

203 3347 245 3411 sit
267 3347 455 3411 consuetudo
478 3346 511 3409 in
534 3346 664 3428 epilogis
686 3349 784 3412 vitam
806 3367 927 3413 reorum
949 3350 1000 3413 vel
1022 3349 1100 3414 alias
1121 3352 1206 3416 extra
1227 3354 1328 3435 ipsam

201 3470 326 3514 oausam
354 3469 404 3514 res
433 3450 604 3524 illustrare,
635 3449 668 3511 in
694 3451 753 3513 hac
776 3451 914 3515 oratione
937 3452 1025 3515 tanta
1048 3452 1179 3516 crimina
1201 3455 1327 3537 tamque

198 3554 305 3635 granna
339 3555 498 3617 momenta
532 3551 737 3624 accusationis
775 3553 852 3615 satis
881 3555 1007 3618 verbose
1038 3555 1176 3638 exposita
1209 3556 1325 3633 insunt,

201 3674 277 3737 quae
300 3656 473 3720 necessario
496 3655 596 3737 ipsam
619 3672 743 3718 causam
766 3658 904 3737 spectare
927 3657 1018 3739 atque
1041 3658 1074 3722 in
1096 3659 1164 3742 ipsa
1187 3661 1325 3726 oratione

200 3760 391 3824 accusatoria
412 3760 482 3824 acta
506 3777 573 3823 esse
596 3757 716 3840 oportet
738 3757 805 3839 (cfr.
829 3760 921 3822 Ham.
943 3781 972 3841 p.
992 3763 1054 3845 72).
1099 3762 1159 3827 Sed
1182 3766 1325 3852 opposuit

200 3862 381 3928 Scheibius:
420 3864 549 3941 „Nonne
572 3863 628 3927 illa
651 3880 728 3945 quae
751 3863 788 3926 ab
811 3864 914 3927 actore
937 3865 970 3926 in
993 3869 1200 3949 superioribus
1223 3872 1326 3955 eopio-

132 3970 135 3976 '
197 3968 283 4044 „sius
305 3969 553 4051 luculentiusque
576 3968 729 4051 explicata
751 3985 819 4032 esse
849 3967 958 4031 debere
982 3970 1176 4038 Hamakerus
1199 3975 1325 4055 iudicat,

198 4074 360 4155 „poterant
389 4075 427 4137 ab
450 4092 485 4137 eo
517 4074 569 4156 qui
597 4073 681 4155 prior
709 4072 801 4136 verba
823 4069 940 4134 fecerat
961 4075 1064 4137 actore
1098 4077 1131 4138 in
1152 4079 1325 4163 protologia

199 4174 369 4255 „explicata
392 4193 459 4238 esse
489 4175 549 4250 ita,
579 4175 614 4237 ut
643 4174 670 4237 is
699 4173 751 4254 qui
773 4171 865 4234 illum
888 4173 1006 4253 excepit
1028 4176 1130 4239 orator
1152 4178 1228 4242 haec
1251 4180 1323 4244 sub-

271 4424 298 4493 1)
315 4422 400 4489 eram
418 4423 492 4476 nulla
509 4425 614 4477 omnino
632 4422 698 4477 fides
719 4422 754 4475 sit
772 4422 856 4477 titulis
875 4421 1023 4476 orationum
1042 4424 1213 4493 Lysiaoarum
1233 4429 1321 4482 inm.

197 4504 255 4559 dice
274 4505 378 4559 traditis
397 4507 498 4560 monuit
516 4507 661 4562 Schoellius
679 4505 695 4560 l.
715 4522 736 4560 c.
747 4567 749 4569 ¹
755 4522 780 4573 p.
800 4507 841 4562 17.
