3142 5036
664 279 915 341 .-„4g„„

249 449 334 526 dirae
355 467 425 512 cum
448 449 493 510 ita
516 447 592 520 sint,
616 446 718 509 facere
741 464 807 507 non
822 446 963 526 possuin,
996 444 1070 525 quin
1092 445 1172 507 mihi
1192 464 1374 526 persuasum

247 552 392 627 habeam,
422 549 593 613 orationem
623 548 655 610 in
685 547 863 628 Epicratem
891 545 1032 608 habitam
1054 564 1116 608 non
1138 547 1290 628 spuriam,
1320 547 1374 611 sed

246 656 395 738 Lysiae
420 652 601 736 opusculum
622 669 690 716 esse
712 651 944 733 genuinum.

728 919 731 923 ⁵
772 990 864 1097 11.¹

331 1209 483 1287 Quoniam
507 1210 585 1273 satis
608 1209 836 1275 demonstrasse
863 1210 953 1274 nobis
976 1209 1115 1273 videmur
1136 1209 1216 1272 hano
1244 1210 1275 1273 in
1298 1211 1374 1293 Epi-

246 1313 363 1376 cratem
379 1313 550 1377 crationem
573 1330 640 1376 esse
655 1313 836 1395 Lysiaeam,
860 1314 968 1377 statim
991 1314 1065 1377 licet
1083 1313 1216 1377 transire
1231 1315 1269 1378 ad
1284 1315 1375 1379 illam

246 1414 283 1477 de
304 1415 363 1477 hac
379 1414 516 1483 oratione
533 1414 790 1490 controversiam,
813 1415 1024 1505 cuiusnauctor
1041 1415 1374 1489 exstititHamalrerus

244 1519 391 1583 Batavus.
423 1518 483 1596 Qui
498 1518 546 1581 vir
561 1517 669 1581 doctus
686 1519 719 1580 in
734 1518 855 1593 libello,
880 1519 933 1601 qui
948 1518 1129 1586 inscribitur
1149 1517 1375 1595 „Quamtiones

244 1624 281 1687 de
303 1622 460 1687 nonnullis
475 1622 588 1704 Lysiae
611 1622 802 1686 orationibus
814 1624 858 1705 ¹)“
881 1623 1043 1686 ostendere
1066 1623 1194 1686 conatam
1209 1606 1288 1686 hanc
1305 1641 1375 1687 esse

244 1729 414 1793 oraticnem
435 1745 451 1790 e
473 1726 589 1790 duobus
608 1745 643 1790 ac
658 1718 750 1809 plane
766 1727 896 1791 diversis
914 1725 1100 1809 fragmentis
1117 1728 1374 1809 conglutinatam,

245 1850 372 1914 quorum
394 1830 526 1894 alterum
549 1829 678 1911 incipiat
708 1847 725 1892 a
747 1829 850 1893 verbis
873 1825 1110 1914 Kcrpydpprcr
1131 1829 1192 1910 μὲν
1215 1849 1311 1912 usque
1335 1831 1375 1894 ad

243 1938 308 1998 τῶν
322 1935 599 2020 συμπρεσβὲυιῶν
612 1921 785 2015 pertinens,
809 1933 876 1995 tum
891 1951 962 1996 vero
979 1932 1223 2014 interrumpatur
1239 1934 1374 1998 secundo

243 2038 418 2121 fragmento
439 2040 471 2100 et
485 2055 591 2101 rursus
611 2038 648 2119 §o
664 2056 744 2100 nona
764 2038 899 2117 averbis
916 2038 988 2113 πῶς
1003 2032 1065 2122 γάρ
1084 2036 1237 2119 incipiens
1253 2057 1373 2114 omnes,

244 2163 321 2228 quae
358 2144 525 2225 sequantur
557 2143 765 2226 paragraphus
803 2140 1034 2224 complectatur.
1104 2140 1244 2243 Alterirss
1274 2142 1375 2224 igitur

243 2242 414 2324 fragmenti
435 2260 503 2305 esse
525 2241 642 2317 omnia,
664 2260 742 2324 quae
763 2241 866 2304 media
888 2241 970 2303 iuter
992 2241 1064 2304 illas
1086 2243 1190 2324 partes
1213 2261 1231 2305 a
1251 2260 1283 2306 se
1307 2243 1374 2307 dis-

244 2347 365 2410 iunctas
386 2346 489 2428 posita
517 2346 580 2408 sint
604 2346 642 2409 ab
665 2343 890 2424 ἐνθυμεῖσθαι
917 2345 948 2426 §i
970 2345 1088 2428 primae
1117 2365 1213 2428 usque
1237 2347 1274 2409 ad
1300 2352 1375 2423 πῶς

243 2440 305 2531 γάρ
334 2445 364 2527 §i
385 2463 483 2508 nonae
505 2445 673 2527 proposuit.
724 2445 817 2508 Prius
839 2442 1050 2526 fragmentum
1078 2448 1200 2528 partem
1223 2448 1374 2511 orationis

243 2552 277 2614 in
297 2551 474 2633 Epicratem
502 2551 628 2632 eiusque
641 2551 750 2615 'socios
771 2549 897 2614 habitae
920 2568 1002 2627 esse,
1033 2552 1187 2637 posterius
1208 2571 1279 2616 vero
1301 2571 1374 2634 par-

243 2656 373 2719 ticulam
400 2674 468 2719 esse
498 2657 659 2742 orationis⁴
677 2656 837 2720 cuiusdam
865 2657 898 2719 in
927 2656 1058 2739 legistas
1088 2658 1138 2721 vel
1161 2659 1311 2741 euthynos
1341 2661 1375 2723 111

243 2759 447 2841 magistratus
467 2759 587 2823 ratione
608 2759 763 2824 reddenda
780 2762 939 2842 peroratae
962 2762 1131 2826 contendit.
1166 2762 1283 2828 Causae
1300 2782 1373 2828 vero

245 2861 355 2943 quibus
376 2858 528 2923 'adductus
551 2861 745 2925 Hamakerus
768 2861 846 2946 illud
869 2880 902 2925 se
932 2863 1069 2927 statuere
1091 2883 1181 2948 posse
1202 2867 1293 2947 putat
1314 2867 1374 2930 hae

244 2960 308 3024 fere
338 2962 427 3026 sunt:
568 2953 574 2963 '

330 3066 357 3127 1.
386 3066 449 3128 Res
472 3082 549 3147 quae
570 3063 738 3144 posteriore
765 3063 941 3145 fragmento
964 3064 1162 3127 continentur
1184 3063 1222 3126 ab
1250 3064 1372 3153 actione

241 3170 407 3253 legationis
420 3171 502 3233 male
516 3171 623 3252 gestae
637 3169 756 3232 alienae
773 3169 845 3232 sunt
852 3168 933 3250 (pag.
942 3168 1011 3250 14);
1029 3187 1101 3231 nam
1116 3168 1264 3232 orationis
1278 3169 1371 3233 initio

242 3267 345 3348 agitur
360 3266 397 3329 de
410 3266 533 3348 legatis,
553 3265 661 3329 deinde
677 3267 778 3328 orator
792 3265 911 3329 iudices
926 3266 962 3328 ut
975 3267 1127 3342 homines,
1152 3269 1205 3348 qui
1217 3269 1371 3332 malorum

241 3371 355 3435 civium
376 3371 515 3435 vindices
537 3388 605 3434 esse
628 3369 804 3446 debuerint,
827 3387 931 3432 severe
953 3370 1084 3452 puniant
1106 3372 1281 3455 compellat.

296 3556 297 3560 Ἰ
333 3479 362 3541 2.
390 3478 474 3542 Male
490 3472 655 3541 cohaerent
672 3475 754 3537 inter
769 3492 836 3539 sese
852 3475 884 3556 §i
899 3475 1017 3557 primae
1032 3476 1125 3538 rerba
1136 3475 1371 3562 Κατηγόρηται

240 3582 301 3664 μὲν
323 3579 420 3648 ἱκανά
441 3619 484 3629 -
505 3581 730 3663 ἐνθυμεῖσθαι
754 3579 791 3645 δὲ
814 3576 886 3668 χρή.
937 3583 1062 3646 Etenim
1084 3583 1161 3646 dicit
1183 3586 1285 3648 orator
1308 3585 1371 3649 iam

242 3687 320 3752 satis
343 3706 411 3752 esse
433 3687 628 3759 aecusatum3
657 3685 756 3749 nihilo
778 3687 883 3749 tamen
907 3687 1007 3752 secius
1020 3707 1174 3752 ¹accusare
1196 3691 1306 3772 pergit.
1352 3719 1355 3725 ·

324 3794 353 3855 3.
384 3790 454 3855 Non
477 3791 581 3853 minus
603 3788 731 3852 difficile
753 3790 846 3853 verba
866 3791 897 3873 §i
912 3810 1009 3855 nonae
1033 3795 1104 3868 πῶς
1127 3789 1190 3878 γάρ
1206 3795 1274 3858 κτλ.
1300 3814 1370 3858 cunr

241 3895 494 3960 antecedentibus
523 3895 653 3977 possunt
682 3894 843 3976 coniungi,
880 3895 985 3978 itaque
1004 3897 1086 3960 ante
1119 3880 1190 3974 ὴῶς
1217 3893 1278 3986 γάρ
1308 3899 1371 3962 alia

245 3999 396 4082 quaedam
418 3999 500 4063 lecta
522 4015 589 4061 1111
609 3996 805 4061 Hamakerus
828 3998 1010 4081 suspicatur.

328 4103 411 4166 Huic
437 4101 549 4166 Batavi
573 4100 835 4182 argumentationi
865 4101 927 4163 iam
959 4100 1086 4165 Carolus
1110 4101 1239 4166 Scheibe
1261 4100 1368 4164 adver·

241 4205 329 4268 satus
350 4206 398 4269 est
421 4205 453 4268 in
475 4204 581 4268 libello
605 4203 675 4279 illo,
700 4204 752 4285 qui
772 4203 967 4268 inscribitur:
992 4205 1173 4281 „Vindiciae
1187 4202 1368 4287 Lysiaca02)

311 4400 338 4464 1)
357 4398 482 4466 Lugduni
501 4400 597 4453 Batav.
615 4398 682 4454 1843
700 4413 761 4465 pag.
781 4400 891 4454 72-76.

307 4489 334 4552 2)
353 4488 460 4554 Lipsiae
477 4487 544 4541 1845
561 4502 614 4554 pag
641 4487 753 4540 94-99.
