3142 5036
685 304 899 365 ..48-

234 473 334 536 cleare
356 473 518 555 possimus.
562 472 621 537 Sed
642 473 738 536 etiam
761 471 884 554 singula
904 472 1087 553 argumenta
1108 470 1282 534 Hamakero
1305 471 1363 535 ob-

232 571 317 633 stant
334 570 528 652 gravissima.
557 572 654 635 Recte
672 571 756 635 enim
773 570 933 635 Scheibius
948 572 985 633 ut
1001 590 1093 653 supra
1114 572 1229 648 monui,
1245 572 1363 635 omisso

231 675 294 737 τῶν
316 676 596 760 συμπρεσβευτῶν
610 676 703 740 verbo
720 693 818 758 neque
835 674 868 739 in
882 674 984 758 priore
998 674 1175 759 fragmento
1187 712 1231 721 -
1243 677 1279 739 ut
1292 675 1364 740 uult

230 778 392 862 disponere
407 779 600 843 Hamahems
617 778 788 844 orationem
803 814 846 823 -
861 795 960 860 neque
976 777 1010 841 in
1025 778 1195 861 posteriore
1208 777 1364 843 contineri

230 881 397 964 quidquam
418 882 497 965 quod
522 883 560 947 ad
581 882 770 965 legationem
790 883 845 946 aut
863 880 974 945 referri
993 881 1094 964 possit
1114 883 1168 947 aut
1186 883 1361 948 necessario

230 987 348 1051 debeat.
376 988 499 1071 Itaque,
516 1024 559 1034 ·—
575 988 607 1052 id
623 988 703 1070 quod
722 987 785 1051 iam
802 986 1052 1052 ostendimus-
1066 987 1100 1050 in
1116 989 1231 1074 γραφῇ
1246 1010 1361 1073 παρα-

230 1091 412 1177 πρεσβείας
440 1095 517 1159 haec
547 1093 646 1159 oratio
675 1093 783 1157 habita
812 1111 880 1159 esse
910 1092 1059 1175 nequit
1089 1091 1217 1175 ideoque
1245 1091 1363 1157 corruit

178 1250 186 1263 ,
230 1195 366 1277 primum
396 1195 476 1278 quod
506 1196 643 1277 Batauus
674 1194 874 1278 proposuerat
901 1194 1119 1276 argumentum
1148 1211 1205 1258 nec
1234 1191 1362 1256 Parouii

229 1320 322 1385 opera
353 1303 501 1367 sustineri
526 1303 643 1386 potest,
673 1302 727 1385 qui
753 1301 878 1384 quidem
908 1299 1093 1365 vocabulum
1113 1297 1307 1384 δημαγωγοί
1328 1298 1362 1380 §i

231 1406 369 1471 decimae
397 1407 479 1471 malo
508 1406 619 1471 referri
649 1407 707 1484 „ad
733 1407 876 1471 homines
898 1407 931 1470 in
952 1406 1077 1497 iudiciis
1100 1426 1212 1471 munus
1235 1406 1361 1488 aliquod

230 1511 505 1576 administrantes“
534 1513 695 1577 admonuit
723 1513 806 1596 (pag.
835 1513 899 1596 43).
953 1513 1034 1577 Nam
1065 1532 1119 1577 our
1147 1516 1205 1578 hoc
1234 1513 1360 1577 nomine

228 1616 331 1683 orator
358 1615 535 1698 Epicratem
557 1615 684 1697 eiusque
714 1616 814 1680 socios
844 1615 998 1698 appellare
1019 1635 1081 1679 non
1104 1615 1259 1692 debuerit,
1287 1633 1360 1677 cum

233 1717 329 1781 etiam
343 1717 570 1782 Demosthenes
592 1735 663 1781 eum
685 1716 841 1799 significet
856 1709 961 1801 ἄνδρα
978 1717 1164 1781 σπουδαῖον
1178 1716 1234 1780 καί
1249 1709 1361 1791 ἄλλως

231 1815 420 1903 δημοτικόν,
444 1819 586 1902 equidem
608 1838 669 1884 non
690 1820 819 1902 videm).
849 1818 899 1884 An
915 1837 987 1884 vero
1004 1816 1178 1895 συνδίκους
1190 1819 1241 1884 vel
1254 1819 1359 1902 potius

229 1919 405 2007 συλλογῆς,
435 1941 565 2006 quorum
593 1942 720 1987 munere
749 1924 925 2006 Epicratem
953 1925 985 1986 et
1012 1923 1110 1988 socios
1138 1922 1261 1989 functos
1290 1941 1358 1988 esse

197 2064 199 2069 -
230 2023 376 2088 credibile
405 2025 468 2102 est,
504 2044 565 2090 non
601 2026 682 2089 inter
713 2026 852 2109 publicos
882 2027 1086 2108 magistratus
1114 2025 1245 2104 referas,
1282 2047 1360 2110 quos
1463 2048 1467 2054 ·

233 2128 339 2191 tamen
366 2127 512 2192 dedeceat
541 2148 654 2194 nomen
684 2127 901 2214 dqpuyoyof?
960 2132 1025 2196 Nec
1053 2133 1124 2215 plus
1152 2131 1249 2209 valet,
1279 2133 1359 2215 quod

228 2230 378 2294 Parovius
406 2230 444 2293 de
466 2231 568 2295 verbis
596 2231 662 2296 illis
689 2232 842 2315 suspectis
872 2234 936 2295 τῶν
957 2235 1238 2316 συμπρεσβευτῶν
1260 2237 1293 2296 et
1321 2234 1359 2298 de

228 2350 287 2395 usu
310 2331 446 2396 nominis
460 2331 615 2414 Epicratis
637 2332 808 2397 hariolatus
828 2333 874 2396 ita
888 2334 924 2397 ut
938 2331 1127 2397 refutatione
1142 2333 1194 2398 vir
1209 2332 1359 2416 indigeat.

227 2433 348 2498 Vereor
371 2434 454 2498 enim
486 2452 524 2497 ne
555 2436 705 2500 Parovius
735 2436 887 2520 ineptius,
918 2456 1010 2520 quam
1034 2433 1158 2502 'cautius
1188 2438 1359 2502 Hamakeri

229 2539 333 2620 partes
353 2537 506 2603 defendat.
768 2528 770 2532 ’

322 2641 410 2720 Quod
440 2660 512 2707 vero
542 2644 737 2709 Hamakerus
767 2646 800 2710 in
829 2647 867 2728 §o
896 2648 997 2730 prima
1025 2666 1174 2712 conexum
1203 2648 1360 2713 desiderat

234 2745 316 2809 inter
335 2746 428 2810 verba
450 2742 675 2832 κατηγόρηται
703 2746 765 2828 μὲν
795 2743 891 2811 ἱκανά
924 2750 956 2812 et
978 2747 1204 2831 ἐνθυμεῖσθαι
1227 2750 1264 2813 δὲ
1283 2749 1356 2834 χρή,

232 2855 291 2918 hoe
312 2855 342 2918 ei
362 2873 530 2937 opponam:
560 2855 665 2920 Naxus
687 2856 774 2920 illius
793 2854 872 2934 loei,
901 2858 930 2921 si
952 2856 1090 2921 Scheibii
1121 2856 1358 2940 explicationem

229 2962 402 3045 sequimur,
433 2962 518 3027 omni
547 2963 632 3027 caret
660 2962 843 3027 offendiculo
878 2964 983 3041 „satis
1013 2963 1076 3027 iam
1097 2964 1276 3027 accusatum
1299 2963 1358 3038 est,

233 3063 287 3127 sed
306 3064 364 3128 hoc
386 3082 505 3147 quoque
527 3063 783 3130 considerandum
811 3082 863 3129 eos
885 3065 974 3129 vobis
992 3064 1128 3129 miratos
1151 3081 1218 3128 esse
1239 3062 1358 3146 stipen-

232 3168 318 3232 dium
338 3187 394 3233 uos
415 3167 610 3233 defecturum
632 3187 700 3233 esse
722 3170 801 3233 ete.“
823 3205 866 3215 -
910 3168 970 3234 Sed
997 3188 1103 3234 rmsus
1132 3167 1273 3233 defensor
1302 3167 1358 3231 ille

231 3272 401 3336 Hamakeri
424 3274 561 3351 exstit't,
591 3291 662 3337 oum
685 3272 865 3337 Scheibium
888 3291 990 3337 errare
1011 3275 1158 3356 coarguat
1177 3273 1280 3337 minas
1302 3272 1358 3336 ad-

235 3373 441 3439 versariorum
461 3375 500 3439 ad
521 3377 602 3439 hanc
623 3374 724 3457 ipsam
746 3376 1047 3458 oausampertinere
1067 3376 1239 3459 putantem.
1284 3373 1356 3439 Col-

230 3475 305 3558 ligit
327 3476 411 3539 enim
432 3477 490 3540 hoc
512 3476 663 3540 Parovius
685 3493 702 3539 e
723 3475 826 3539 verbis
850 3474 1016 3540 confestim
1031 3476 1247 3558 sequentibus:
1271 3474 1357 3539 νεολ-

231 3573 327 3652 λάνας
346 3568 530 3660 ἠκούσατε,
557 3595 652 3657 quae,
683 3575 711 3641 si
732 3594 802 3640 eum
824 3579 908 3642 recte
931 3578 1097 3661 intellego,
1124 3598 1186 3643 non
1218 3579 1256 3643 ad
1276 3580 1357 3645 bano

232 3700 357 3745 causam
378 3678 533 3763 pertinere
552 3680 636 3757 uult,
665 3680 762 3745 immo
791 3680 921 3745 minime
950 3700 1002 3746 eos
1030 3680 1172 3764 refugere
1194 3683 1233 3747 ad
1253 3683 1357 3747 minae

229 3788 338 3852 dooere
364 3788 589 3870 paragraphum
615 3788 844 3867 duodecimam,
874 3789 928 3854 ubi
955 3789 1078 3872 legatur
1106 3786 1279 3867 κλαίοντες
1302 3788 1355 3868 d}—
1435 3870 1439 3877 Ι

229 3894 403 3955 σιτεῖσθαι
434 3888 503 3954 καλ.
560 3889 620 3955 Sed
651 3892 804 3976 quidhoc
825 3895 927 3976 opus?
970 3892 1112 3958 Primum
1142 3894 1226 3960 enim
1255 3893 1358 3960 verbis

301 4161 328 4227 1)
351 4157 434 4212 Immo
455 4156 554 4211 rectius
578 4155 726 4212 Schoellius
750 4154 859 4225 Quaeet.
880 4156 935 4212 fise.
953 4172 979 4226 p.
997 4157 1046 4213 17:
1078 4155 1174 4226 „Quod
1197 4157 1248 4228 Ep.
1268 4154 1357 4213 aDe·

233 4246 372 4303 mosthene
389 4246 574 4315 praedicatur,
599 4250 693 4299 contra
721 4250 861 4301 accusator
880 4245 1060 4301 fraudatorem
1078 4251 1106 4300 et
1124 4246 1357 4315 quadruplatorem

232 4333 437 4401 perditissimum
455 4331 583 4402 depingit,
602 4331 754 4401 scrupulum
768 4331 818 4386 nisi
836 4331 887 4386 lori
906 4332 981 4387 attici
997 4332 1091 4400 ignaro
1111 4333 1233 4401 cuiquam
1250 4346 1357 4386 movere

225 4420 340 4486 poterit,
366 4434 426 4472 cum
452 4433 516 4486 opes
535 4418 766 4472 etauctoritatem
793 4418 907 4474 hominis
931 4420 958 4474 iu
975 4419 1129 4488 republica
1146 4418 1358 4474 administranda

231 4508 329 4560 versati
346 4507 362 4561 i.
381 4523 404 4561 o.
423 4508 596 4580 δημαγωγοῦ
615 4507 748 4559 occursatio
768 4507 826 4573 ipsa
844 4522 949 4574 quoque
966 4508 1065 4562 diserte
1083 4508 1247 4562 confirmate
