3142 5036
693 274 905 341 .-13-

320 442 387 504 lam
410 461 480 505 vero
504 460 577 524 quo
600 461 703 506 anno
726 462 819 507 causa
834 445 989 526 Epicratis
1008 446 1078 508 acta
1100 445 1156 519 sit,
1180 461 1262 505 nunc
1282 443 1371 508 nobis

237 542 446 623 indagandum
469 544 525 607 est
569 544 677 608 Oratio
705 546 817 626 Lysiae
847 546 914 628 ipsa
943 546 993 610 vin
1022 546 1120 610 ullam
1148 545 1236 608 nobis
1259 563 1369 621 ansam,

238 643 277 706 ad
297 645 378 706 hanc
401 645 614 726 quaestionem
636 643 869 726 disceptandam
890 646 1035 727 praebere
1057 645 1195 708 videtur:
1230 661 1246 706 e
1268 645 1368 710 nomi-

237 748 328 812 nibus
356 749 489 831 propriis
519 748 601 812 nihil
634 749 776 813 concludi
809 751 927 832 potest,
964 750 1122 815 invenitur
1150 750 1233 813 enim
1269 750 1370 814 solum

238 872 347 918 nomen
363 848 612 936 Ὀνομάσαντος
626 849 817 937 paragrapho
839 855 960 937 quarta,
982 855 1035 919 sed
1052 854 1271 918 demutilatum
1286 854 1369 917 certe

238 957 271 1019 01
291 957 324 1018 10
347 956 504 1021 codicibus
526 956 712 1038 corruptum.
750 957 902 1039 Loquitur
923 957 1027 1021 autem
1050 956 1152 1020 orator
1172 957 1210 1038 §o
1232 974 1313 1019 nona
1333 955 1370 1019 de

238 1059 319 1124 bello
342 1059 490 1142 quodam:
530 1057 589 1137 „dv
611 1058 773 1144 motepqo“
796 1059 915 1136 dicens,
947 1077 1044 1141 neque
1073 1057 1200 1122 dubiumr
1227 1057 1371 1140 cuiquam

237 1163 342 1245 potest
367 1181 448 1241 esse,
479 1163 553 1246 quin
583 1163 700 1227 bellum
723 1163 802 1245 quod
824 1163 917 1246 vulgo
939 1162 1052 1227 dicitur
1079 1162 1311 1227 Corinthiacum
1334 1162 1371 1225 ab

239 1282 318 1328 anno
336 1267 397 1329 395
415 1285 513 1348 usque
535 1265 573 1329 ad
597 1285 711 1330 annum
732 1268 794 1331 387
817 1269 942 1350 gestum
963 1266 1315 1349 (01.96,2-Ο198,
1336 1265 1371 1350 2)

241 1371 442 1453 significetur.
479 1371 529 1436 Ad
551 1374 610 1436 hoo
632 1374 716 1436 enim
738 1373 856 1437 bellum
877 1374 983 1437 contra
1004 1372 1264 1436 Lacedaemonios
1288 1373 1371 1435 exci-

143 1524 172 1540 1,
239 1473 369 1538 tandum
389 1475 566 1558 Epicratem
588 1477 671 1558 regis
698 1477 828 1558 pecunia
848 1477 1025 1558 corruptum
1048 1493 1130 1552 esse,
1158 1493 1174 1537 e
1197 1474 1370 1538 Pausaniae

239 1579 415 1643 narratione
437 1580 567 1658 scimus,
589 1582 620 1643 et
643 1582 784 1662 quamvis
804 1583 862 1645 hoc
885 1601 946 1645 non
965 1600 1072 1650 verum
1091 1580 1241 1657 videatur,
1264 1581 1367 1644 tamen

239 1697 276 1742 ex
299 1681 447 1744 orationis
467 1682 577 1746 multis
597 1682 704 1764 locis1)
724 1701 795 1745 eum
817 1683 898 1746 inter
913 1682 1031 1747 bellum
1045 1681 1215 1765 gerendum
1231 1699 1267 1745 ex
1285 1700 1370 1745 aera-

239 1786 286 1850 rio
305 1786 428 1869 publico
452 1787 578 1852 divitias
602 1789 662 1854 sibi
684 1790 888 1871 quaesivisse,
911 1789 1029 1872 liquido
1053 1791 1187 1872 apparet.
1217 1789 1370 1853 Francke-

239 1888 310 1956 nius
339 1910 430 1957 versu
458 1894 743 1958 Ecclesiazusarum
772 1894 999 1977 septuagesimo
1034 1894 1134 1976 primo
1161 1895 1262 1970 nisus,
1293 1912 1370 1977 quae

239 1993 345 2059 fabula
373 1995 464 2060 docta
496 2014 564 2061 esse
592 1996 714 2061 videtur
742 2016 821 2061 anno
851 2000 912 2062 393
942 1996 992 2060 vel
1016 1996 1065 2061 01.
1092 1998 1147 2073 96,
1178 1997 1247 2079 12)
1277 1996 1369 2060 dicit:

240 2098 504 2175 ‚accusationem
536 2100 602 2177 001,
632 2101 685 2182 001
708 2120 787 2165 0000
810 2102 872 2164 343
895 2119 984 2164 00000
1012 2102 1113 2178 erant,
1145 2101 1370 2179 interfuissent,

240 2219 301 2265 non
330 2202 402 2265 ante
431 2205 630 2267 0100100393
661 2222 759 2287 neque
787 2222 858 2269 vero
887 2205 1021 2269 multum
1050 2206 1158 2287 000100
1186 2205 1364 2270 institutam

240 2302 367 2366 fuisse.“
412 2303 540 2368 Eallrius
570 2304 744 2368 accuratius
775 2303 932 2388 (quamvis
962 2304 1119 2386 audacter)
1150 2304 1272 2387 tempus
1301 2305 1372 2387 post

241 2425 355 2470 annum
384 2408 445 2471 387
476 2407 665 2502 0000111001ζο
695 2408 776 2484 vult,
814 2410 864 2472 cui
900 2409 1030 2472 minime
1061 2408 1206 2472 assentiri
1237 2410 1372 2492 possum.

240 2508 333 2572 Eacio
356 2508 440 2571 enim
463 2506 535 2573 cum
563 2508 702 2586 Blaesio,
738 2510 790 2591 qui
818 2528 943 2593 prorsus
974 2527 1042 2574 sese
1064 2509 1246 2592 intellegere
1269 2509 1371 2591 negat,

242 2631 299 2695 quo
320 2614 386 2676 iure
408 2613 535 2678 Ealkius
558 2633 574 2677 0
599 2614 677 2679 10010
705 2615 770 2679 illis
787 2616 983 2699 scriptorum
1010 2634 1102 2699 supra
1123 2615 1373 2679 commemoratis

241 2736 348 2799 pacem
370 2717 555 2782 Antalcidas
584 2718 648 2782 iam
670 2719 874 2803 compositam
904 2738 971 2783 esse
1001 2718 1174 2785 concludat.
1225 2716 1284 2781 Sed
1312 2719 1372 2782 hoo

243 2835 298 2901 ego
321 2818 445 2896 addam,
474 2818 554 2902 quod
575 2819 703 2884 Ealkius
731 2819 885 2884 calculum
908 2838 999 2883 suum
1020 2817 1108 2901 ponit
1138 2817 1171 2880 in
1192 2815 1372 2879 testimonio

242 2920 356 2984 ueteris
378 2920 514 2984 auctoris
536 2920 760 3000 incertissimo,
784 2921 952 2985 secundum
975 2912 1054 3001 quod
1070 2916 1230 3000 Epicrates
1249 2914 1372 2997 legatus

246 3022 283 3084 ad
302 3041 407 3105 regem
429 3023 624 3100 mittebatur,
654 3042 725 3087 cum
753 3023 937 3087 Antalcidas
967 3023 1030 3085 iam
1058 3040 1129 3084 cum
1151 3019 1207 3084 illo
1236 3017 1274 3081 de
1297 3035 1372 3101 0000

247 3125 363 3204 ageret,
377 3161 420 3170 —-
435 3124 489 3189 sed
511 3125 646 3209 primum
666 3126 768 3190 totum
791 3124 869 3189 illud
889 3123 1106 3206 argumentum
1128 3123 1177 3186 est
1198 3120 1372 3185 incertissi-

245 3228 373 3313 mum2),
396 3228 505 3293 deinde
528 3230 625 3294 oratio
646 3231 752 3294 nostra
774 3230 899 3294 omnino
922 3227 1031 3292 nonin
1054 3226 1168 3312 γραφῇ
1191 3246 1371 3311 παραπρε-

245 3325 359 3410 οβείας
367 3332 436 3394 0010
450 3349 517 3395 0000
530 3332 642 3414 001001.
660 3331 727 3409 Qua
738 3331 776 3395 de
791 3351 824 3395 re
837 3332 929 3396 illum
943 3329 1097 3394 calculum
1109 3326 1239 3391 minime
1252 3326 1372 3390 rectum

243 3520 361 3580 Namens
387 3524 518 3580 identisch
538 3525 586 3591 ist,
613 3523 669 3580 dies
692 3541 729 3599 zu
751 3523 921 3579 entscheiden
953 3520 1041 3575 haben
1072 3519 1119 3575 wir
1142 3518 1239 3576 keinen
1263 3520 1372 3577 Anhalt.

243 3609 403 3680 Nuperrime
429 3614 509 3667 etiam
537 3612 682 3668 Schoellius
707 3614 828 3682 (quaest.
853 3611 909 3666 fisc.
932 3627 957 3679 p.
983 3608 1034 3677 17)
1063 3606 1173 3663 eundem
1199 3622 1259 3663 0000
1282 3607 1372 3679 Epicr.

235 3696 321 3754 ‘Dem
340 3706 421 3769 atque
437 3700 536 3772 Lysiae
554 3701 655 3757 statuit.

313 3789 340 3855 1)
359 3786 486 3856 imprimis
504 3791 535 3856 §o
554 3787 664 3844 decima.
1169 3845 1172 3849 J

313 3870 344 3935 2)
362 3869 395 3923 Ε.
414 3869 602 3927 0001001101.
622 3888 710 3940 graec.
729 3872 777 3938 lH,
795 3889 820 3942 0.
840 3872 898 3928 214.
920 3872 1079 3942 Nuperrime
1098 3873 1152 3942 egit
1170 3872 1204 3928 de
1224 3873 1275 3928 hac
1292 3889 1372 3943 quae-

244 3955 331 4009 stione
356 3955 456 4010 900100
480 3956 667 4013 dissertatione
685 3957 826 4026 peculiari,
854 3971 933 4025 quam
956 3973 998 4013 me
1023 3958 1153 4027 inspicere
1176 3974 1230 4014 non
1253 3960 1372 4027 potuisse

245 4039 336 4109 doleo;
355 4040 383 4095 in
396 4041 481 4097 lucem
499 4042 615 4110 prodibit
632 4044 659 4098 in
669 4043 744 4099 Actis
758 4058 810 4098 000.
821 4043 1090 4112 philRitschelianae
1103 4043 1252 4112 11001874
1264 4045 1371 4100 100οΠ.

314 4131 343 4198 3)
360 4129 498 4185 Invenitur
514 4130 542 4186 in
560 4131 666 4188 scholiis
683 4132 718 4186 ad
734 4131 840 4187 Aelium
856 4131 1001 4187 Aristidem
1025 4132 1159 4187 rhetorem
1176 4133 1268 4187 Marco
1287 4134 1373 4187 Aure-

246 4213 282 4267 lio
300 4212 460 4283 imperatore
477 4213 617 4271 florentem
638 4215 673 4269 ad
689 4215 771 4270 verba
789 4216 903 4270 rhetoris
923 4214 1020 4281 (editio
1044 4215 1185 4270 Oxoniana
1200 4216 1269 4271 1722
1289 4230 1305 4269 0
1323 4216 1371 4270 Sa-

245 4301 316 4355 muel
334 4300 429 4355 Jebbio
447 4301 519 4356 facta
537 4303 550 4356 I
566 4320 593 4371 p.
606 4303 668 4372 172)
686 4303 749 4358 hoc:
772 4303 838 4358 Οὐδ’
855 4301 941 4366 οὕτως
960 4300 1082 4365 ἁπάσαις
1100 4310 1158 4364 ταῖς
1175 4300 1284 4375 ψήφοις
1301 4301 1372 4358 ὑπέ-

246 4407 347 4461 μειναν
359 4387 429 4442 citici
448 4393 504 4445 τῶν
514 4409 547 4461 γε
559 4388 717 4448 πεισάντων
733 4396 919 4462 κατέγνωσαν,
939 4406 1009 4459 quae
1027 4390 1109 4445 verba
1127 4394 1189 4445 sunt
1205 4389 1233 4443 in
1247 4388 1371 4444 Aristidis
1451 4448 1453 4453 ,

247 4476 469 4532 Ρο00110000100.
489 4476 595 4532 Scholia
612 4476 694 4532 edidit
711 4477 742 4532 G.
761 4476 901 4533 Frcmmel.
921 4476 1034 4530 Franks.
1054 4475 1130 4530 1826.
