3142 5036
641 251 862 330 -14-,

190 440 257 486 esse
278 422 489 505 consequitur3
513 422 605 504 atque
628 440 663 484 er
684 422 782 504 ipsius
798 423 947 487 orationis
962 424 1082 487 verbis:
1103 416 1140 487 οἳ
1154 420 1320 510 πρότερον

189 522 224 590 ἐν
245 527 288 612 τῇ
314 521 426 613 εἰρήνῃ
454 518 533 590 οὐδὲ
555 527 645 609 σφᾶς
669 519 792 601 αὐτοὺς
813 522 971 591 ἐδύναντο
991 526 1136 614 τρέφειν,
1167 526 1222 590 νῦν
1244 519 1320 607 ὑμῖν

191 624 352 714 εἰςφορὰς
374 623 566 714 chelaeon
589 626 646 693 καὶ
668 615 762 693 οὗτοι
784 627 819 703 ἐν
843 628 981 712 πολέμου
1010 628 1170 696 πλούσιοι
1198 625 1321 715 γεγό-

188 750 287 794 νασι
316 731 400 794 ccrte
429 729 553 813 quidem
579 731 706 814 apparet
734 730 851 795 bellum
873 730 936 795 iam
958 731 1151 815 aliquantum
1172 731 1321 815 temporis

189 833 365 907 duravisse3
402 834 562 916 praetcrea
591 833 641 897 vix
670 833 840 898 verisimile
877 835 998 899 videtur
1029 837 1258 900 accusationem
1288 836 1320 899 in

189 935 365 1018 Epicratem
387 934 452 997 iam
472 934 583 1016 primis
604 920 681 997 belli
702 933 792 997 annis
815 951 883 997 esse
906 934 1098 1011 institutam,
1129 934 1228 998 multo
1250 934 1321 1016 plus

188 1036 284 1099 habet
304 1034 536 1118 probabilitatis
556 1051 624 1097 eam
646 1033 702 1096 sub
722 1032 817 1096 finem
838 1032 913 1097 belli
929 1033 1125 1119 (aco-387)
1140 1032 1319 1098 institutam

189 1157 272 1213 esse3
295 1157 393 1221 neque
416 1138 523 1220 opinor
545 1136 660 1201 certius
680 1136 803 1218 tempus
818 1154 907 1219 posse
923 1136 1059 1213 definiri,
1082 1156 1175 1221 quam
1198 1140 1233 1202 ut
1252 1155 1320 1200 ora*

189 1244 308 1308 tionem
331 1244 388 1308 hos
410 1244 492 1306 inter
514 1260 611 1307 annos
633 1240 773 1305 habitam
797 1259 864 1306 esse
887 1243 1052 1307 statuatur.

272 1351 363 1416 Nunc
377 1350 521 1435 quoniam
536 1349 572 1413 dc
587 1368 666 1413 anno
679 1349 886 1414 accusationis
899 1351 1029 1432 egimus,
1045 1351 1219 1415 necessario
1232 1351 1320 1414 inda·

187 1454 324 1538 gandum
339 1455 401 1530 est,
423 1452 517 1536 quid
538 1451 662 1516 tandem
678 1453 817 1534 Epicrati
833 1453 1027 1517 obiectum
1049 1454 1147 1518 fuerit
1161 1456 1193 1518 et
1210 1455 1320 1538 quale

189 1560 286 1624 fuerit
307 1577 453 1623 causae
474 1577 616 1640 genus,
639 1576 699 1639 qua
717 1557 769 1620 hic
784 1557 980 1639 implicatum
996 1578 1066 1621 enm
1089 1577 1156 1622 esse
1170 1559 1320 1623 videmus,

188 1658 353 1741 Inscriptio
369 1657 518 1721 orationis
540 1658 604 1720 est:
627 1654 735 1732 ,,καν’ἀ
750 1652 969 1742 Ἐπικράτους
992 1658 1048 1723 καὶ
1068 1663 1132 1723 τῶν
1148 1681 1319 1748 συμπρεσ-

187 1765 335 1844 βευτῶν
360 1762 391 1824 et
413 1760 569 1824 invenitur
592 1760 683 1825 initio
711 1762 895 1843 paragraphi
924 1762 1043 1844 primae
1068 1781 1125 1827 vox
1149 1765 1214 1827 τῶν
1237 1786 1319 1845 σομ-

190 1868 416 1954 ορεοβεοτιῦνε
449 1865 502 1929 secl
524 1883 601 1946 quae
623 1866 657 1927 in
679 1864 799 1946 reliqua
821 1866 959 1930 oratione
982 1868 1103 1944 insunt,
1136 1868 1265 1933 minime
1287 1869 1320 1931 in

188 1970 322 2052 legatos,
346 1967 400 2032 sed
420 1969 453 2032 in
475 1969 633 2044 homines,
657 1968 710 2050 qui
731 1987 858 2031 munere
881 1988 951 2032 oum
974 1971 1091 2034 aerario
1107 1971 1229 2053 publico
1247 1990 1319 2035 con-

188 2075 294 2140 iuncto
309 2074 391 2137 male
407 2072 509 2137 functi
526 2074 613 2148 sunt,
636 2073 796 2155 quadrant.
836 2076 944 2156 ltaque
965 2075 1108 2153 ballius,
1131 2078 1184 2159 qui
1201 2077 1320 2159 primus

187 2181 276 2245 illam
299 2178 439 2242 fraudem
467 2179 604 2262 aperuit,
634 2182 772 2244 veterum
802 2182 1078 2263 grammaticorum
1105 2182 1233 2247 levitate
1261 2183 1320 2246 hoc

188 2284 364 2367 appositum
394 2303 462 2348 esse
496 2285 639 2366 opinatus
670 2286 733 2358 est;
775 2304 848 2349 nam
878 2286 1025 2368 quoniam
1059 2286 1233 2368 Epicrates,
1268 2285 1321 2368 qui

187 2386 343 2469 legatione
372 2386 429 2451 illa
451 2386 488 2450 ad
510 2389 675 2452 Persarum
703 2406 809 2470 regem
832 2390 975 2477 suscepta
996 2390 1160 2472 praecipue
1183 2390 1249 2454 erat
1271 2390 1319 2452 in-

188 2491 304 2573 signis,
336 2490 369 2553 in
398 2490 555 2573 legatione
585 2493 721 2575 collegas
751 2493 900 2570 habebat,
931 2494 960 2556 in
992 2495 1050 2557 hac
1080 2495 1186 2558 nostra
1216 2495 1320 2558 autem

188 2596 325 2659 oratione
340 2594 444 2677 plures
459 2596 504 2658 rei
519 2599 808 2674 commemorantur,
827 2599 925 2662 nimia
940 2598 1069 2662 levitate
1084 2600 1203 2663 veteres
1215 2618 1319 2682 gram

188 2700 297 2764 matini
319 2701 438 2783 opinati
459 2702 546 2778 sunt,
578 2703 732 2767 actionem
751 2705 832 2767 hanc
854 2704 949 2767 etiam
971 2703 1009 2767 ad
1032 2703 1171 2787 legatum
1193 2698 1319 2787 Epicra-

188 2803 253 2865 tem
282 2803 315 2865 et
351 2802 485 2885 collegas
521 2806 675 2886 pertinere
710 2806 838 2889 ideoque
866 2808 898 2870 et
934 2808 966 2869 in
996 2807 1197 2890 inscriptione
1227 2810 1259 2872 et
1287 2809 1321 2872 in

191 2909 229 2990 §o
252 2908 352 2991 prima
373 2907 451 2971 illud
474 2907 719 2974 additamentum
743 2911 958 2994 apposuerunt.
1011 2910 1134 2976 Similia
1157 2911 1318 2977 Scheibius

190 3008 365 3091 suspicatur
391 3027 427 3073 ac
455 3012 629 3093 nuperrime
656 3012 831 3097 Schoellius
842 3014 876 3095 ¹),
907 3013 960 3097 qui
984 3033 1055 3077 cum
1078 3014 1206 3079 titulmn
1229 3015 1319 3079 illum

187 3110 343 3175 ascholio
366 3112 539 3194 antiquiore
563 3117 739 3198 excerptum
755 3116 853 3180 videri
875 3117 1051 3195 arbitretur,
1073 3121 1180 3183 monet
1202 3119 1321 3183 nullam

189 3215 253 3279 iere
274 3214 367 3278 fidem
389 3216 492 3280 titulis
515 3219 689 3282 orationum
705 3219 917 3301 Lysiacarum.
930 3220 963 3283 in
985 3219 1089 3284 codice
1106 3221 1230 3284 traditis
1252 3237 1319 3284 esse

187 3318 424 3402 tribuendamil).
472 3320 549 3384 Cum
573 3322 670 3403 igitur
692 3322 773 3384 unde
795 3322 851 3385 illa
874 3323 1036 3404 inscriptio
1059 3322 1211 3403 originem
1232 3321 1319 3384 inve·

187 3424 284 3500 uerit,
316 3424 393 3488 satis
424 3425 616 3508 patefactum
639 3427 694 3502 sit,
726 3423 858 3508 ex‘ipsa
880 3426 1019 3489 oratione
1041 3424 1119 3487 illud
1140 3423 1224 3486 certe
1246 3441 1319 3487 con·

188 3529 328 3611 sequitur
344 3532 376 3594 et
391 3531 603 3613 sagacissimis
614 3531 793 3608 Hamakeri,
809 3530 955 3606 Scheibii,
969 3527 1320 3621 FranckeniiSchoellii

191 3634 511 3715 argumentationibus
527 3634 565 3698 ad
580 3634 731 3716 liquidum
747 3633 928 3717 perductum
948 3633 1005 3708 cst,
1028 3631 1060 3694 in
1077 3622 1191 3717 νραφῇ
1207 3655 1319 3718 οαρα-
1400 3680 1403 3684 a

188 3735 371 3823 πρεσβείας
394 3738 549 3801 minime
572 3738 684 3820 Lysiae
709 3739 878 3802 orationem
900 3754 1015 3820 posse
1036 3733 1207 3801 habitam
1230 3754 1318 3800 esse.

190 3839 334 3906 Sufficiat
361 3840 412 3905 hio
442 3841 531 3905 modo
560 3859 657 3923 pauca
685 3840 856 3904 Hamakeri
883 3839 976 3902 verba
1005 3836 1159 3923 afferre³)‚
1188 3857 1265 3921 quae
1288 3837 1320 3899 et
1407 3864 1412 3871 ¹

191 3943 353 4009 Scheibius
368 3945 478 4008 citavit
494 3947 526 4009 et
543 3963 672 4026 quorum
688 3942 805 4007 similia
818 3940 1028 4006 Franckenius
1044 3940 1137 4003 dicit:
1165 3941 1320 4046 „Legatus

198 4099 401 4108 -———-—---.

264 4193 289 4257 1)
310 4190 485 4258 Quaestiones
502 4191 607 4245 fiscales
625 4195 675 4246 etc.
694 4189 782 4244 Berol.
801 4189 868 4244 1873
885 4187 1051 4244 Weidmann.

261 4282 288 4348 2)
310 4278 415 4333 Pariter
432 4278 506 4333 nulla
524 4278 590 4333 fides
608 4284 649 4333 est
672 4278 749 4333 titulo
775 4282 888 4346 quartae
910 4278 1051 4332 orationis:
1076 4280 1140 4351 περὶ
1165 4271 1319 4350 τραύματος

187 4367 215 4417 ἐκ
239 4372 381 4438 προνοίας,
403 4368 468 4437 περὶ
486 4354 521 4419 οὗ
539 4370 586 4419 καὶ
604 4363 675 4436 πρὸς
692 4361 726 4420 ὃν
745 4360 880 4435 (ἄδηλον).
931 4376 936 4382 “

254 4451 281 4513 3)
299 4447 473 4514 Quaestionos
495 4449 545 4518 lys.
564 4448 654 4516 uragu.
673 4449 767 4505 Batav.
787 4450 855 4508 1843
873 4464 933 4520 pag.
953 4452 994 4507 73.
