3142 5036
691 296 905 359 ..52ss

235 463 486 544 argumentatur:
518 462 652 539 „Nostra
681 464 778 526 oratio
808 465 856 526 est
887 463 1041 544 epilogus,
1072 464 1159 527 euius
1181 465 1366 546 primariam

235 581 374 645 „quoque
405 563 575 646 orationem
606 562 717 643 Lysias
753 562 914 644 scripsisse
944 562 1075 637 videtur,
1113 562 1151 625 ad
1180 582 1248 626 eam
1280 563 1367 626 enim

236 666 431 745 „retulerim
461 685 539 750 quae
565 667 723 730 Bellienus
750 666 866 730 Anecd.
888 688 917 749 p.
942 668 1018 743 103,
1043 668 1080 729 11
1105 667 1215 730 habet:
1250 668 1367 729 Κατα-

236 767 391 847 ,,διῶξαι·
418 766 554 845 Λυσίας
576 769 660 831 κατὰ
681 762 910 851 Ἐπικράτους,
935 788 1012 852 quae
1035 769 1119 832 enim
1141 770 1243 834 exstat
1265 769 1366 832 oratio

239 887 320 945 „non
341 867 454 932 mutila
481 887 549 933 esse
571 868 700 932 videtur.
746 868 806 946 uui
829 867 1071 950 deuterologiem
1093 868 1204 933 habuit
1224 887 1367 961 praeser-

235 973 314 1049 „tim
329 973 505 1057 Epicratem
521 974 648 1055 eiusque
666 973 801 1054 collegas
817 973 982 1048 accusavit,
1005 973 1085 1054 quod
1100 972 1248 1055 pecunias
1262 973 1367 1055 publi-

236 1095 308 1152 „ccs
329 1078 564 1159 surripuissent3
587 1077 650 1140 clia
671 1076 979 1153 commemoraverat,
1003 1076 1056 1158 qui
1070 1076 1252 1159 primariam
1266 1077 1367 1140 habu-

236 1170 323 1257 {,erat
344 1182 543 1255 orationem.“
577 1181 728 1263 Equidem
751 1181 789 1244 ad
810 1181 891 1244 hanc
913 1176 1106 1245 sententiam
1117 1200 1179 1244 non
1200 1200 1291 1264 posse
1313 1202 1367 1244 me

237 1303 419 1367 componere
444 1285 590 1368 profiteor
619 1286 809 1367 conaborque
838 1285 999 1349 ostendere
1027 1302 1087 1349 non
1116 1286 1280 1368 epilogum
1294 1305 1366 1349 ora-

235 1389 354 1457 tionem
382 1389 484 1465 issam,
514 1390 567 1453 sed
600 1389 907 1472 perorationem
942 1388 1164 1471 primariae
1198 1406 1265 1451 esse
1295 1405 1367 1451 ora-

236 1494 340 1557 donis.

323 1597 448 1661 Primus
462 1599 572 1677 eontra
585 1596 768 1660 Hoelseheri
783 1598 959 1680 opinionem
975 1599 1038 1662 iam
1053 1598 1247 1663 Hamakerus
1264 1599 1368 1681 suspi-

236 1705 354 1767 tionem
374 1702 473 1766 mouit
488 1701 684 1783 Epiorateam
705 1719 771 1765 esse
792 1721 866 1766 non
888 1704 1109 1786 epilogum3
1133 1704 1220 1766 ratus
1242 1703 1367 1786 quidem

238 1829 315 1885 eam,
339 1826 416 1891 quae
438 1807 594 1891 superstes
617 1808 679 1883 est,
701 1808 872 1872 orationem
894 1828 961 1872 esse
982 1810 1103 1892 partem
1125 1809 1223 1892 ipsius
1239 1802 1388 1872 accusa?

237 1914 332 1978 tionis
358 1913 396 1976 ad
418 1912 600 1996 primariam
623 1912 793 1976 orationem
815 1913 1023 1994 pertinentem
1049 1913 1081 1975 et
1110 1930 1145 1977 eo
1159 1908 1368 1995 ‘potissimum

239 2017 335 2092 nisus,
350 2015 431 2099 quod
445 2015 536 2079 solito
549 2033 585 2077 ae
600 2015 682 2078 iusto
695 2016 851 2097 prooemIo
867 2017 970 2079 eareat
983 2018 1015 2079 et
1027 2016 1176 2080 nonnulla
1190 2018 1261 2099 post
1273 2017 1368 2080 verba

241 2117 463 2199 ἐνθυμεῖσθαι
475 2116 511 2181 δὲ
523 2118 675 2199 legantur,
693 2136 769 2199 quae
787 2118 960 2181 necessario
977 2137 1101 2182 eausam
1114 2119 1214 2201 ipsam
1227 2119 1367 2201 spectare

239 2224 378 2291 debeant.
424 2221 585 2286 Scheibius
599 2222 770 2286 Hamalreri
784 2222 972 2285 sententiam
990 2241 1170 2305 oppugnans
1184 2223 1270 2305 prius
1286 2221 1367 2285 illud

239 2327 433 2398 momentum
457 2323 591 2414 refutare
613 2326 736 2407 nequit,
766 2325 828 2388 nisi
851 2325 930 2407 quod
954 2325 1032 2390 dicit
1054 2325 1190 2402 „semel‘
1214 2327 1367 2389 oratorem

232 2416 257 2497 'a
276 2422 426 2516 prooemii
440 2432 660 2514 praemittendi
678 2432 900 2496 consuetudine
917 2432 1112 2508 discessisse,
1136 2432 1282 2496 simiIIter
1298 2449 1367 2495 esse

240 2530 467 2601 conformatum
490 2536 638 2599 orationis
660 2535 826 2599 vicesimae
848 2536 966 2619 primae
989 2537 1130 2613 initium,
1152 2554 1244 2618 quam
1260 2537 1367 2598 tamen

238 2639 406 2704 manifesto
429 2638 639 2721 fragmentum
662 2640 847 2723 putaverunt
864 2640 1037 2705 Schoellius
1060 2641 1366 2721 aol¹1·auclrenius¹);

239 2763 295 2807 nec
311 2762 372 2807 non
390 2742 551 2807 Scheibius
564 2744 588 2824 2)
608 2743 674 2825 ipse
690 2744 824 2826 priorem
839 2744 931 2807 huius
948 2745 1096 2808 orationis
1111 2746 1231 2827 partem
1245 2746 1366 2825 tempo-

161 2919 165 2929 ,
240 2865 309 2908 rum
331 2845 445 2908 Iniuria
472 2845 631 2908 interiisse
662 2844 797 2909 declarat
826 2846 931 2928 itaque
953 2849 1104 2923 nonest,
1137 2868 1190 2911 cur
1218 2849 1367 2910 miremur

241 2946 412 3010 orationem
434 2945 560 3007 XXIam
582 2963 684 3007 carere
706 2945 872 3026 prooemio.
902 2945 1073 3028 Blassius3)
1095 2947 1220 3009 excusat
1242 2945 1367 3028 quidem

240 3048 385 3113 deficiens
413 3049 604 3131 prooemium
634 3049 667 3111 in
694 3049 839 3130 epilogis,
869 3048 922 3111 sed
944 3048 1013 3112 vide
1045 3067 1170 3131 quaeso,
1201 3047 1274 3130 quid
1301 3048 1367 3109 sta-

242 3155 390 3219 tuendum
413 3155 455 3218 sit
477 3155 514 3218 de
529 3155 659 3237 reliquis
674 3155 786 3237 Lysiae
811 3154 1012 3230 orationibus,
1036 3172 1113 3236 quae
1135 3173 1205 3216 eum
1227 3154 1367 3215 veterum

239 3260 449 3325 additamento
473 3260 719 3322 EHIAOI'OE
737 3260 869 3323 traditae
890 3261 970 3323 sunt.
1001 3260 1125 3343 Epilogi
1147 3260 1243 3342 igitur
1265 3259 1366 3322 citan-

241 3367 292 3430 tur
313 3369 434 3450 praeter
462 3369 601 3431 nostram
629 3368 660 3429 et
682 3385 723 3429 or.
744 3366 835 3428 XXI:
867 3366 964 3429 oratio
987 3365 1235 3430 duodevicesIma
1266 3360 1368 3447 „napi

243 3469 433 3555 δημεύσεως
453 3473 516 3534 τῶν
539 3471 600 3533 τοῦ
621 3466 744 3531 Νικίου
775 3461 924 3554 ἀδελφοῦ
939 3517 946 3531 .
964 3518 972 3531 .
991 3517 999 3532 .
1018 3465 1177 3552 ἐπίλογος
1204 3466 1367 3549 inscripta,

214 3651 222 3662 ἢ
243 3590 320 3654 quae
343 3572 427 3635 caret
453 3569 576 3652 quidem
597 3568 767 3650 prooemio,
791 3568 843 3631 sed
866 3587 903 3631 ne
924 3568 977 3631 hio
1000 3568 1124 3650 quidem
1147 3568 1224 3632 satis
1246 3567 1369 3630 constat

244 3676 348 3739 utrum
365 3674 503 3758 epilogus
517 3675 559 3737 sit
573 3691 669 3735 necue
678 3675 713 3754 ⁴).
733 3672 853 3736 Deinde
871 3673 1009 3755 sequitur
1023 3674 1121 3738 oratio
1135 3674 1268 3737 XXVIII
1283 3668 1369 3734 κατὰ

239 3773 453 3868 Ἐργοκλέους
468 3772 625 3860 ἐπίλογος
645 3776 817 3852 nominata,
839 3776 927 3840 cuius
948 3776 981 3838 in
1003 3776 1094 3839 initio
1110 3777 1211 3840 orator
1231 3775 1268 3837 de
1283 3774 1367 3836 mul-

240 3882 374 3945 titudine
397 3879 629 3945 accusationum
658 3880 690 3942 in
718 3879 880 3961 Ergoclem
909 3878 1092 3941 collatarum
1122 3877 1257 3943 breviter
1276 3892 1366 3958 prue-

245 3984 344 4059 satur3
376 3984 474 4048 oratIo
498 3983 628 4065 denique
650 3983 891 4045 undetricesima
913 3981 1005 4044 titulo
1029 3978 1112 4043 κατὰ
1140 3974 1369 4065 ψιλοκράτοος

309 4244 464 4317 l)'Sclroell.
484 4261 543 4314 pag.
564 4248 603 4300 11.
624 4246 730 4313 Quaest.
750 4248 804 4300 lise.
827 4245 977 4300 Francken.
996 4245 1013 4299 l.
1033 4261 1054 4299 c.
1073 4259 1134 4313 pag.
1150 4247 1190 4299 19.

310 4341 337 4405 2)
356 4335 445 4390 Editio
463 4334 560 4403 Lysiae
580 4335 722 4389 norissima
740 4334 848 4402 Lipsiae
868 4333 934 4388 1872
954 4348 1015 4400 pag.
1034 4334 1067 4388 83
1085 4332 1263 4400 praelationis.

311 4425 339 4488 3)
357 4424 414 4475 As.
433 4419 575 4474 Beredtsk.
592 4436 619 4488 p.
638 4418 696 4471 447.

311 4507 339 4575 4)
359 4504 478 4559 Scheibe.
497 4505 568 4559 Vind
596 4506 658 4575 Lys.
678 4521 703 4571 p.
725 4506 765 4557 90.
784 4504 920 4562 Hamaker
937 4521 961 4579 p.
982 4504 1024 4556 67.
1046 4502 1157 4556 Solioell.
1176 4517 1201 4575 p.
1220 4501 1260 4556 11.
