3142 5036
595 274 898 337 .-3o-

236 441 412 524 „paraveris
440 439 559 504 videbis
589 458 649 503 non
679 438 833 502 diversam
863 439 894 500 et
923 455 1035 502 novam
1063 453 1131 515 esse
1161 435 1286 518 (quales
1308 454 1365 517 per

143 524 146 529 ’
236 540 305 621 „aa
328 540 364 608 δὲ
387 541 576 624 indicantis)
601 541 654 606 sed
677 541 777 623 ipsam
800 539 888 604 illam
910 540 1043 624 priorem
1061 539 1275 604 tantummodo
1290 537 1364 601 uni-

236 639 343 725 „verse
374 663 566 729 expressam:
606 645 655 709 sin
682 663 753 709 vero
786 663 856 707 cum
885 645 985 710 Bakio
1013 639 1085 710 ἔστι
1115 643 1152 710 δὲ
1182 644 1365 719 scribamus,

237 752 360 828 „orator
382 750 433 814 his
455 749 557 814 verbis
579 748 768 812 sententiam
792 767 914 813 reorum
936 750 972 812 ut
993 747 1199 814 universalem
1220 746 1366 832 proponit

236 854 497 938 „confirmatquer
535 853 611 932 „isti
639 873 694 918 nos
725 853 933 936 implorabunt
960 854 1022 919 rati
1050 873 1084 919 se
1112 853 1200 918 illam
1229 853 1365 935 gratiam

236 960 382 1038 ‚‚facilius
411 978 430 1023 a
456 958 545 1023 nobis
573 958 680 1040 paucis
707 958 885 1022 obtenturos
915 975 997 1035 csse,
1027 977 1119 1041 quam
1150 976 1169 1020 a
1196 955 1301 1020 vobis:
1331 954 1366 1016 et

239 1084 334 1143 „sane
356 1064 483 1130 facilius
505 1066 554 1128 est
575 1064 653 1127 etc.“
689 1062 797 1127 Nolim
820 1057 891 1127 ἔστι
913 1061 951 1128 δὲ
972 1063 1108 1147 recipere
1129 1061 1271 1143 facioque
1293 1078 1384 1124 cum*

239 1173 351 1237 ceteris
373 1172 450 1237 viris
473 1171 680 1247 doctissimis,
714 1166 868 1254 qui'illud
896 1190 1021 1255 prorsus
1042 1171 1186 1235 reiecero.
1228 1169 1365 1252 Recepto

239 1275 323 1339 enim
345 1268 417 1338 ἔστι
439 1272 477 1339 δὲ
499 1272 656 1337 structura
685 1260 779 1355 longe
800 1271 838 1335 fit
859 1272 937 1349 alia,
967 1292 1038 1337 cum
1067 1271 1211 1356 periodus
1232 1271 1266 1333 in
1288 1269 1366 1333 duas

237 1377 342 1459 partes
368 1374 548 1450 dirimatur3
581 1376 741 1458 praeterea
770 1368 821 1438 ἔτι
850 1372 887 1439 δὲ
916 1375 969 1439 hie
998 1395 1112 1440 novum
1142 1372 1366 1458 quodammodo

239 1479 326 1543 addit
355 1479 566 1543 momentum:
623 1478 701 1555 „Isti
737 1497 794 1543 nos
830 1479 973 1562 precibus
1012 1480 1257 1554 attestabuntur,
1294 1496 1368 1540 oum

238 1581 355 1665 pauci
371 1581 479 1659 simus,
496 1580 607 1646 deinde
621 1581 767 1663 quoniam
783 1599 839 1645 nos
854 1583 1049 1646 accusatores
1070 1581 1086 1645 f
1092 1581 1243 1646 acilius
1262 1581 1367 1646 vestra

191 1678 193 1680 ’
240 1683 414 1761 commoda,
450 1702 542 1767 quam
557 1703 628 1755 ‚vos
657 1685 759 1767 ipsos,
794 1685 990 1768 neglecturos
1020 1703 1089 1750 esse
1118 1687 1294 1768 appareat.“
1323 1720 1369 1730 -

239 1782 449 1847 Franckenius
466 1783 595 1867 (p.204)
616 1784 919 1867 argumentationem
941 1785 973 1867 §i
995 1786 1122 1867 quartae
1144 1785 1281 1849 decimae
1295 1803 1368 1867 per·

240 1885 398 1950 turbatam
418 1904 486 1951 esse
508 1887 698 1971 vituperavit
720 1906 819 1971 neque
841 1906 913 1952 vero
935 1889 1109 1953 accuratius
1131 1887 1163 1952 id
1184 1888 1367 1972 explicavit3

242 1991 379 2074 suspicor
399 1993 505 2055 autern
527 2009 598 2056 eum
620 1994 746 2057 haerere
768 1993 801 2057 in
823 1993 928 2058 futuro
951 1993 1006 2057 illo
1029 1988 1214 2079 δεήσεσθαι
1235 1993 1285 2057 oui
1304 2011 1368 2057 non

240 2094 405 2178 respondet
432 2114 562 2178 sequens
592 2097 726 2161 aoristus
757 2088 817 2161 οὖν
846 2089 1069 2184 ἠθελήσαμεν,
1100 2117 1154 2180 pro
1185 2116 1245 2180 qua
1266 2096 1369 2161 forma

241 2200 322 2264 ratio
344 2193 403 2264 οὐκ
426 2193 466 2264 δν
483 2198 706 2286 ἐθελήσαιμεν
728 2201 910 2285 postularet
953 2201 1067 2266 Facere
1088 2221 1149 2266 non
1169 2220 1309 2285 possum,
1325 2237 1369 2247 -—

149 2348 152 2359 .
241 2304 277 2367 ut
304 2304 382 2368 haee
410 2304 609 2388 praemittam
639 2307 778 2389 -quin
808 2325 879 2370 oum
909 2305 1051 2371 Scheibio
1064 2308 1088 2390 ¹)
1117 2307 1169 2370 hic
1201 2307 1369 2390 quidquam

244 2406 350 2471 deesse
372 2407 511 2491 suspicer
540 2409 776 2493 existimemque
807 2410 905 2474 latere
926 2411 1039 2475 vitium
1069 2411 1102 2474 et
1122 2411 1225 2476 labem
1246 2411 1281 2474 in
1302 2411 1370 2476 illis

246 2526 323 2591 quae
345 2508 532 2574 antecedunt
552 2511 655 2575 verbis
676 2506 727 2576 ἔτι
749 2505 967 2597 <lappescura
986 2509 1049 2597 χρὴ
1074 2508 1269 2597 δεήσεσθαι.
1306 2514 1369 2576 Pro

243 2614 302 2676 hoc
324 2611 428 2677 futuro
447 2605 630 2697 δεήσεσθαι
646 2614 765 2679 multae
787 2633 806 2678 a
827 2613 904 2679 viris
923 2614 1024 2680 doctis
1045 2614 1276 2702 emendationes
1297 2635 1369 2699 pro·

244 2713 328 2778 latae
343 2715 431 2792 sunt,
453 2733 584 2797 quarum
599 2716 725 2781 nomino
741 2716 940 2800 potissimum
956 2716 1108 2799 Emperii:
1131 2712 1370 2802 depocodofl),
1470 2724 1473 2725 ’
1557 2754 1566 2787 ·.

247 2834 340 2898 quam
359 2815 468 2879 aoristi
490 2815 623 2881 formam
646 2817 819 2881 inauditam
840 2817 957 2900 recepit
977 2816 1253 2893 Westermannus;
1282 2816 1369 2899 Kay-

245 2941 332 2988 serus
353 2926 461 2989 contra
482 2925 636 2990 usitatum
651 2926 802 2991 aoristum
817 2925 979 3012 δεηθῆναι
997 2926 1166 3010 proposuit.
1197 2926 1369 3001 Sensimus,

246 3050 338 3114 quem
361 3031 547 3097 Turicenses
570 3033 670 3097 secuti
691 3034 778 3111 sunt,
808 3033 992 3118 scriptruam
1013 3034 1161 3099 traditam
1185 3030 1370 3120 <loquendae

247 3133 280 3196 in
300 3133 422 3197 textum
443 3134 576 3217 recepit3
599 3135 680 3199 hanc
701 3135 861 3217 vulgatam
883 3153 980 3217 nuper
1000 3154 1107 3199 rursus
1128 3133 1267 3200 defendit
1287 3136 1370 3218 Dry-

248 3237 343 3302 ander
363 3259 393 3321 p.
416 3240 466 3304 18.
498 3241 676 3325 Δεηθῆναι
697 3239 833 3321 recipere
856 3238 1018 3304 Scheibius
1039 3240 1210 3317 recusavit,
1240 3259 1311 3305 oum
1333 3258 1371 3303 ex

246 3346 305 3407 hac
327 3343 443 3422 forma,
465 3343 625 3428 vulgatam
647 3340 831 3428 δεήσεσθαι
847 3347 954 3409 natam
968 3362 1036 3410 esse
1051 3365 1112 3410 non
1133 3346 1176 3410 sit
1190 3346 1372 3411 verisimile.

247 3445 422 3512 Muellerus
448 3448 481 3512 in
501 3448 737 3531 'programmate
767 3446 823 3512 illo
851 3447 1104 3531 Merseburgensi
1131 3451 1290 3534 proposuit
1316 3450 1372 3514 δε-

247 3553 401 3637 δεῆσθαι,
425 3552 572 3635 adquam
594 3551 727 3617 formam
750 3551 846 3618 etiam
860 3552 1007 3618 Cobetius
1021 3554 1158 3618 Batavus
1181 3572 1249 3619 sese
1271 3554 1372 3638 appli-

248 3655 340 3721 cavit.
383 3654 492 3738 Neque
515 3655 623 3737 negari
643 3655 763 3738 potest,
793 3652 918 3721 facilius
940 3673 976 3719 cx
1000 3653 1182 3740 δεδαῆσθαι
1204 3656 1273 3721 fieri
1295 3654 1372 3742 δεή-

248 3764 371 3826 σεσθαι
394 3777 486 3842 quam
509 3777 526 3822 e
550 3758 651 3823 forma
673 3759 846 3844 δεηθῆναι,
870 3761 1028 3843 praeterea
1050 3759 1207 3826 invenitur
1221 3761 1299 3826 illud
1316 3761 1373 3825 δε-

248 3864 395 3951 δεῆσθαι
416 3863 499 3928 haud
522 3882 591 3930 raro
615 3864 696 3949 apud
718 3865 855 3931 oratores
878 3864 990 3930 atticos
1002 3866 1037 3948 ⁸).
1059 3863 1130 3931 Nisi
1152 3865 1248 3949 igitur
1269 3866 1373 3931 locum

316 4077 343 4143 1)
362 4076 517 4143 Apparatus
538 4072 644 4128 criticus
663 4072 698 4127 ad
714 4071 814 4143 Lysiae
833 4069 974 4127 editionem
991 4060 1099 4139 Lipsiae
1117 4068 1194 4137 1872,
1212 4083 1273 4140 pag.
1287 4068 1375 4129 LXII.

316 4163 344 4228 2)
364 4162 461 4231 Opuso.
479 4159 570 4230 philol.
588 4176 614 4230 p.
634 4159 668 4214 94
687 4165 756 4229 etp.
775 4159 835 4216 315.
1427 4235 1435 4247 ⁸

318 4254 346 4319 3)
366 4250 400 4307 of.
418 4250 556 4318 Demosth,
569 4250 642 4305 XIX.
661 4251 720 4305 239.
740 4252 795 4303 Kal
812 4247 868 4323 γὰρ
887 4251 912 4302 εἴ
929 4250 1011 4302 τινῶν
1028 4248 1172 4315 δεδέηνται
1188 4249 1297 4301 τουτονὶ
1314 4244 1374 4300 uoi-

249 4339 311 4403 ζὲιν.
331 4340 423 4394 Isaeus
434 4340 507 4395 VIII.
522 4341 564 4396 22.
589 4341 742 4413 δεδεημένη
759 4337 814 4410 γὰρ
834 4341 875 4406 εἴη
893 4339 977 4391 ταῦτα
994 4341 1086 4392 ποιεῖν
1104 4333 1120 4404 ἡ
1139 4332 1237 4390 τούτου
1255 4333 1375 4408 ἀδελφαί.

248 4429 370 4499 Xenoph.
396 4429 481 4484 Anah.
506 4428 563 4483 VH.
592 4429 616 4483 7.
641 4429 683 4482 14.
710 4425 751 4483 ὅτι
767 4429 891 4498 δεδέηνται
916 4424 932 4495 ἡ
954 4424 1066 4499 στρατιαὶ
1092 4428 1302 4500 συναναπρᾶξαι
1325 4423 1376 4481 τὸν

247 4516 363 4587 μισθόν.
