3142 5036
563 1295 564 1298 Ὗ
611 1321 858 1422 onruu
898 1325 976 1421 Π.

317 1793 424 1855 Priore
447 1793 673 1857 dissertationis
702 1796 789 1877 parte
812 1797 955 1877 quoniam
975 1777 1022 1858 'de
1051 1813 1181 1878 persona
1211 1797 1242 1857 et
1264 1813 1358 1856 eausa

233 1901 266 1962 in
282 1899 457 1981 Epicratem
479 1900 548 1962 acta
569 1900 702 1981 egimus,
726 1900 823 1965 altero
845 1921 926 1965 nune
941 1901 1041 1983 capite
1060 1901 1261 1983 expositiuus,
1285 1899 1358 1980 quid

234 2002 271 2064 de
295 2001 432 2065 oratione
450 2003 581 2084 Lysiaca
603 2004 709 2066 contra
724 2003 899 2087 Epicratem
921 2005 1029 2068 habita
1050 2004 1117 2087 ipsa
1134 2004 1273 2067 videatur
1294 2003 1359 2066 sta-

234 2104 382 2167 tuendum
405 2124 486 2182 esse,
508 2107 572 2169 tres
586 2106 784 2188 potissimum
800 2107 995 2188 quaestiones
1005 2107 1048 2170 ad
1067 2105 1275 2188 indagandum
1289 2123 1359 2186 pro-

234 2228 362 2290 ponam,
385 2209 495 2291 quibus
518 2210 654 2273 excussis
677 2211 708 2272 et
730 2209 889 2273 dissolutis
912 2211 1010 2273 totam
1033 2209 1070 2272 de
1092 2209 1230 2272 oratione
1246 2206 1360 2288 Lysiae

234 2309 382 2372 vicesima
405 2311 537 2392 septima
559 2311 814 2393 disceptationem
837 2311 1010 2374 absolutam
1032 2310 1098 2373 iore
1120 2309 1259 2372 arbitror.

318 2413 366 2476 Ae
387 2413 556 2495 primum
578 2414 717 2496 quidem:
743 2414 849 2478 Oratio
865 2414 1027 2496 Epicrates
1049 2413 1136 2476 estne
1156 2431 1174 2474 a
1193 2410 1287 2493 Lysia
1306 2410 1372 2474 ab-.

236 2517 399 2581 iudicanda
421 2519 540 2580 necne?
1110 2512 1116 2525 ‘
1251 2530 1253 2535 ·

319 2616 490 2681 Deinde:
520 2617 603 2681 Num
624 2618 753 2700 possunt
775 2635 808 2679 re
828 2635 899 2680 vera
921 2616 991 2692 illa,
1013 2635 1090 2698 quae
1107 2615 1229 2679 exstant
1245 2614 1359 2677 oratio-

236 2721 299 2796 nis,
322 2720 354 2783 in
378 2720 497 2784 diuersa
518 2720 694 2802 fragmenta
716 2720 844 2783 dirimi?

319 2826 518 2908 Denique:
556 2825 604 2902 ld,
634 2825 713 2907 quod
742 2824 922 2907 Epicratoae
951 2825 1099 2888 orationis
1129 2824 1227 2888 adhuc
1250 2825 1361 2899 exstat,

236 2929 323 2991 estne
346 2927 485 3011 epilogus
514 2949 552 2992 an
574 2929 677 3010 potius
698 2928 864 3011 primariae
893 2928 1041 2992 orationis
1063 2947 1134 3011 pars
1157 2927 1360 3010 (peroratio)?

782 3149 818 3232 1.

321 3325 499 3391 Acerrimus
519 3329 552 3390 in
572 3328 742 3391 orationem
767 3326 885 3389 XXVII
908 3325 1100 3389 aduersarius
1123 3324 1244 3388 exstitit
1266 3325 1364 3387 Fran-

239 3427 376 3504 okenius‚
389 3430 441 3511 qui
456 3430 580 3511 quidem
594 3430 642 3492 vir
657 3428 764 3492 doctus
777 3427 809 3488 in
824 3426 931 3491 libello
946 3426 1001 3489 illo
1018 3428 1108 3508 quiem
1123 3446 1215 3509 supra
1230 3446 1365 3491 commc-

239 3533 356 3596 moravi
378 3552 446 3597 eam
468 3535 638 3598 orationem
660 3533 789 3595 minime
813 3551 832 3594 a
853 3532 948 3613 Lysia
971 3532 1176 3613 conscriptam
1199 3550 1266 3594 esse
1289 3531 1368 3594 satis

241 3654 308 3699 sese
330 3637 557 3702 demonstrasse
579 3638 672 3700 habet
692 3654 883 3719 persuasum.
914 3637 996 3713 eras
1017 3635 1113 3716 igitur
1135 3626 1277 3698 inillam
1298 3654 1366 3698 mo-

240 3741 321 3803 verit
350 3741 552 3822 suspitiones‚
593 3758 729 3822 quaeque
756 3738 922 3822 protulerit
951 3740 1148 3820 argumenta,
1178 3759 1259 3802 nunc
1288 3739 1368 3803 mihi

240 3842 396 3925 imprimis
423 3841 624 3904 examinanda
653 3842 685 3903 ot
713 3839 827 3922 partim
857 3839 947 3901 erunt
973 3837 1158 3914 refellenda,
1187 3838 1266 3920 quod
1297 3858 1368 3901 oum

241 3949 371 4023 faciam,
401 3949 507 4009 tamen
536 3942 728 4026 quinetiam
758 3943 929 4006 ceterorum
955 3941 1116 4004 hominum
1148 3941 1307 4004 doctorum
1337 3945 1369 4005 et

241 4055 433 4119 coniecturas
463 4052 495 4114 et
524 4050 737 4114 adnotationes
768 4047 1061 4130 explicationesque,
1091 4046 1189 4128 quoad
1214 4046 1275 4109 huo
1298 4064 1368 4129 spe*

242 4159 344 4233 ctant,
374 4157 528 4237 attingam
559 4154 649 4236 atque
680 4152 840 4234 indagem,
873 4150 940 4214 fieri
962 4172 1023 4215 non
1045 4152 1157 4232 potest.
1200 4152 1302 4235 Atque
1323 4152 1369 4216 ita

241 4262 405 4344 instituam
428 4257 684 4342 disputationem,
706 4257 741 4319 ut
756 4254 982 4345 Franckenium
1003 4275 1057 4338 per
1077 4258 1176 4320 totam
1198 4257 1369 4320 orationem

243 4383 407 4447 sequamur
426 4360 695 4444 argumentantem
716 4357 847 4438 dataque
868 4358 1028 4421 occasione
1044 4358 1215 4421 ceterorum
1233 4357 1370 4421 virorum

243 4469 402 4532 doctorum
424 4464 654 4529 observationes
677 4461 850 4526 afferamus.
871 4494 913 4503 --
