3142 5036
689 274 906 343 —407-

327 444 365 525 §o
387 444 436 506 15.
466 437 496 506 εἰ
518 436 611 527 ἡμεῖς
640 437 734 526 παρὰ
755 437 916 505 τούτων
946 432 966 524 ἢ
993 436 1146 524 χρήματα
1169 438 1331 520 λαβόντες
1357 435 1380 524 ἢ

245 537 336 629 άλλη)
359 543 423 608 τινὶ
445 540 563 630 τρόπον
586 539 819 627 διηλλάγημεν.
865 541 956 609 Solus
976 542 1028 623 hio
1048 542 1097 605 est
1116 540 1211 619 loeus,
1235 561 1293 625 quo
1316 543 1379 606 du-

244 650 331 715 bium
353 666 421 713 esse
450 647 565 731 possit,
599 647 704 711 utrum
733 645 812 709 illud
834 640 960 708 τούτων
981 642 1098 708 referas
1121 644 1159 708 ad
1181 662 1250 709 reos
1272 663 1312 709 an
1337 645 1380 708 ad

246 772 352 818 eorum
374 749 561 816 defensores.
594 751 631 814 In
651 749 905 814 antecedentibus
927 748 994 831 ἕξω
1010 748 1113 813 orator
1128 766 1250 813 reorum
1266 748 1380 814 deien-

245 875 330 925 seres
353 857 509 941 increpat:
547 857 584 938 §0
609 857 650 919 14
676 852 756 930 τοὺς
775 847 897 929 αὐτούς
917 851 1027 917 referri
1049 853 1140 917 debet
1169 853 1207 917 ed
1229 847 1382 937 δημόται

245 955 303 1023 καὶ
325 955 422 1044 φίλοι
453 957 575 1035 „eidem
604 956 689 1020 enim
716 954 920 1041 (defensores)
951 954 1149 1020 uehementer
1180 955 1395 1018 accusatores·

246 1064 407 1148 „precibus
437 1062 674 1127 obtestebuntur
701 1062 774 1139 ete,
805 1061 858 1126 sed
885 1079 955 1125 nos
984 1060 1178 1124 accusatores
1205 1059 1381 1144 (publicam

246 1167 413 1250 „salutem)
443 1185 503 1231 non
535 1165 728 1250 prodidimus
759 1166 1032 1249 exspectamusque
1054 1182 1216 1241 necros,
1248 1164 1381 1241 iudices,

247 1266 352 1345 „ratos
371 1283 463 1348 segre
484 1283 538 1330 uos
558 1282 626 1329 esse
647 1264 781 1343 laturos,
805 1265 833 1329 si
855 1283 911 1329 nos
932 1264 1063 1349 peeunia
1076 1264 1127 1329 vel
1145 1264 1207 1329 alio
1227 1265 1318 1329 modo
1339 1266 1381 1329 ab

246 1370 331 1449 „iilis
343 1368 425 1456 (seii.
440 1362 555 1456 φίλοις
570 1367 626 1432 καὶ
642 1365 819 1453 δημόταις)
834 1367 994 1433 consiliari
1007 1368 1092 1451 passi
1109 1373 1277 1433 essemus.“
1307 1369 1382 1433 Hoe

246 1473 314 1538 loeo
333 1466 459 1536 τούτων
483 1470 522 1535 ad
545 1469 723 1536 defensores
753 1472 897 1554 potest
925 1469 1036 1535 referri
1061 1507 1104 1517 -
1132 1471 1164 1535 id
1185 1471 1381 1537 Franckenio

246 1577 362 1660 largior
383 1612 426 1623 -
448 1575 501 1640 sed
524 1594 587 1640 non
606 1594 682 1659 opus
704 1577 765 1653 est,
796 1594 870 1639 nam
890 1575 925 1640 si
945 1576 1049 1640 tecum
1070 1576 1261 1659 reputaveris
1281 1594 1380 1659 poeu-

247 1682 332 1747 niam
348 1681 386 1746 ad
402 1679 640 1763 corrumpendos
660 1681 855 1746 accusatores
870 1681 1045 1764 impensam
1059 1679 1271 1745 defensoribus
1293 1681 1381 1744 oerte

247 1807 266 1852 a
287 1787 349 1851 reis
371 1786 476 1850 datam
498 1803 581 1862 esse,
605 1804 666 1850 non
688 1785 863 1851 infitiabore
886 1785 965 1850 illud
982 1780 1109 1849 τούτων
1128 1786 1224 1850 etiam
1246 1786 1284 1850 ad
1306 1805 1381 1851 reos

247 1926 289 1940 -
312 1893 344 1962 et
364 1891 396 1956 id
418 1891 532 1956 melius
554 1891 676 1956 uidetur
690 1928 733 1938 -
747 1889 870 1978 referri,
893 1892 998 1975 itaque
1020 1891 1131 1957 latiore
1151 1892 1237 1957 uerbi
1258 1911 1318 1957 usu
1340 1892 1381 1956 sd

196 2072 203 2084 ‚
247 1995 394 2078 utrosque
417 1993 512 2059 simul
532 1992 710 2060 defensores
732 1997 765 2059 et
785 2015 855 2063 reos
876 1995 1021 2079 pertinet.
1056 1994 1134 2059 Cum
1156 1996 1261 2060 autem
1282 1996 1381 2061 afine

248 2101 375 2184 §1le
397 2100 452 2165 ubi
472 2100 709 2165 introducuntur
731 2101 826 2165 amici
847 2099 1084 2184 defensoresque
1110 2101 1254 2185 petituri,
1284 2120 1380 2184 argu-

248 2201 400 2267 mentatio
420 2200 498 2265 satis
521 2202 564 2265 sit
586 2202 757 2285 ‚‚limpida“
780 2205 813 2268 et
835 2203 1000 2280 concinna,
1031 2203 1243 2268 conciditilla
1264 2204 1381 2269 Bataui

249 2304 397 2389 suspitio,
420 2322 513 2387 quem
535 2322 552 2367 e
573 2305 766 2388 pronominis
790 2293 884 2370 οὗτοι
906 2326 965 2371 usu
986 2307 1200 2391 ‚‚promisouo“
1221 2309 1381 2371 hauserat.

332 2409 399 2472 Iam
418 2425 490 2472 vero
506 2407 647 2473 Dobreus
663 2408 710 2494 (in
726 2409 911 2474 adversariis
933 2410 1065 2494 oritieis)
1088 2411 1206 2477 similia
1228 2412 1329 2476 multa
1346 2411 1381 2475 in

211 2578 213 2581 ,
248 2514 308 2576 hae
335 2508 473 2574 oratione
504 2509 536 2572 et
563 2508 597 2572 in
625 2508 834 2574 Nieomaohea
862 2509 976 2592 (XXX)
999 2510 1118 2574 exstare
1147 2509 1380 2574 animaduertit.

250 2611 335 2690 Quae
357 2629 428 2674 oum
449 2608 513 2672 iam
535 2607 618 2672 inira
634 2608 882 2675 demonstrantes
902 2610 1017 2693 partim
1037 2609 1248 2693 attigerimus,
1271 2610 1380 2673 tamen

250 2734 305 2781 nos
325 2713 429 2779 omnia
450 2711 507 2776 illa
528 2712 585 2776 sub
604 2731 701 2775 unum
716 2714 916 2796 conspectum
935 2732 1103 2798 proponere
1126 2714 1260 2797 oportet,
1284 2715 1380 2797 atque
1470 2788 1473 2789 ⁷

250 2821 333 2888 locos
356 2817 555 2903 potissimum
576 2818 686 2882 hosee:

350 2990 448 3057 uaso
469 2989 588 3054 xxvn
610 2990 629 3073 ς
652 2990 681 3054 5.
741 2956 743 2959 ’
901 2979 905 2987 ‘
945 2993 1043 3058 uaso
1065 2993 1154 3058 xxx
1180 2994 1269 3077 seo.

251 3109 376 3178 Καίτοι
404 3099 505 3173 τοῦθ’
536 3104 684 3184 ἅπαντας
711 3105 787 3173 ε’ττί-
836 3104 1043 3178 Ἐιτίσταοδε
1073 3103 1099 3175 ὦ
1131 3103 1250 3200 ἄνδρες
1280 3112 1376 3175 δικα-

251 3217 381 3281 urende
404 3206 457 3275 ὅτι
473 3202 530 3289 οὐχ
549 3203 629 3273 ὅταν
645 3206 722 3287 τούς
742 3208 788 3297 μὴ
840 3209 932 3290 uret,
970 3208 1023 3277 δτι
1053 3207 1269 3300 παράδειγμα
1306 3217 1379 3291 τοῖς

251 3312 462 3398 δυναμένους.
484 3309 590 3396 λέγειν
615 3305 786 3397 κολάζητε,
840 3306 957 3391 άλλοις
986 3309 1079 3379 ἔσται
1107 3312 1154 3401 μη
1178 3315 1305 3398 τολμᾶν
1328 3313 1376 3393 εἰς

250 3410 335 3483 τότ’·
350 3410 445 3481 ἔσται
475 3407 689 3499 παράδειγμα
728 3414 789 3477 τοῦ
840 3410 924 3498 ὑμᾶς
953 3413 1192 3504 ἐξαμαρτάνειν
1216 3412 1273 3498 οὐχ
1296 3413 1377 3483 ὅταν

249 3517 295 3607 μὴ
323 3510 413 3601 ὑμᾶς
440 3507 579 3592 άδικεῖν,
612 3505 684 3576 ἀλλ’
709 3509 788 3579 ὅταν
839 3515 916 3595 τοδς
938 3510 1121 3594 ἀδυνάτους
1144 3514 1251 3583 εἰπεῖν
1274 3514 1377 3583 κολά-

251 3618 345 3707 meoet
372 3619 436 3682 τῶν
467 3614 659 3698 δυναμένων
682 3613 789 3699 λέγειν
842 3620 929 3706 ζητε,
969 3612 1042 3683 ἀλλ’
1071 3614 1151 3684 ὅταν
1188 3618 1282 3706 παρὰ
1311 3621 1377 3684 τῶν

251 3722 344 3808 δίκην
356 3713 558 3802 λαμβάνητε,
574 3711 651 3779 τότε
667 3711 789 3794 πάντες
841 3721 1030 3804 δυναμένων
1049 3719 1156 3806 λέγειν
1181 3718 1273 3806 δίκην
1290 3720 1376 3802 λαμ-

146 3840 147 3844 ’
181 3875 183 3880 -
251 3822 438 3891 παύσονται
461 3816 707 3902 ἐπιχειροῦντες
743 3816 790 3897 εἰς
841 3821 971 3909 βάνητε.

252 3921 339 4010 ὑμᾶς
360 3917 499 3988 άδικεῖν.

249 4262 323 4331 Ἐάν
341 4264 378 4332 δὲ
393 4266 714 4354 καταψηφισάμενοι
723 4272 790 4332 δα-
840 4258 915 4328 Ἐάν
928 4262 963 4328 δὲ
978 4256 1298 4351 καταψηφισάμενοι
1313 4260 1377 4323 τιόν
1458 4253 1465 4265 “

250 4366 351 4435 νάτου
372 4364 532 4452 τιμήσητε
553 4373 596 4459 τῇ
621 4364 706 4458 αὐτῇ
722 4366 790 4458 do}-
843 4362 989 4446 ἐσχάτων
1026 4357 1116 4448 αὐτῷ
1147 4360 1308 4448 τιμήσητε
1336 4360 1378 4445 τῇ

251 4493 306 4557 φην
326 4465 404 4548 τούς
426 4463 453 4532 τ’
466 4461 589 4550 άλλους
606 4471 790 4554 κοσμιωτὲ-
843 4461 926 4554 αὐτῇ
941 4458 1375 4554 ψηφηιτυύςδάλλουςβελ-
