3142 5036
572 287 873 348 .-21-

193 452 364 532 Lysiacam
387 451 570 515 vicesimam
595 452 760 534 septimam
782 451 977 534 perspicuum
995 455 1054 516 erit
1073 473 1108 517 er
1124 456 1209 518 hisce
1232 455 1330 536 ipsius

196 552 349 615 orationis
364 551 441 616 locis
457 551 495 615 ad
515 551 593 615 illud
609 551 881 615 demonstrandum
902 553 1097 635 gravissimis
1105 577 1121 641 ε,
1140 555 1332 637 Paragraphi

146 650 149 655 ’
196 652 335 735 primae:
364 645 608 733 Ἐνδυμεῖσθαι
623 649 660 715 δέ
680 648 742 738 χρῆ
760 645 815 714 ’ὅτι
839 646 1004 728 πολλάκις
1026 648 1191 738 ἠκούσατε
1205 648 1330 717 τούτων

198 748 373 839 λεγόντων,
405 746 510 818 ὁπότε
541 747 717 834 βούλοιντό
747 776 822 817 τινα
852 747 977 832 ἀδίκως
1007 750 1194 836 ἀπολέσαι,
1225 751 1279 820 δτι
1301 753 1354 821 εί»

195 854 245 942 μὴ
261 860 549 945 καταψηφιεῖσθε,
574 843 620 919 ών
636 851 734 921 αὐτοὶ
749 854 949 936 κελεύουσιν,
973 857 1204 950 ἐπιλείψει
1223 854 1331 936 ὑμᾶς

198 953 220 1044 ἦ
243 957 524 1048 μισθοφορά,
555 959 669 1025 collate
697 980 768 1024 cum
797 961 899 1025 uerbis
927 962 959 1044 §i
981 963 1062 1026 Xlae
1083 964 1138 1027 νῦν
1167 963 1204 1028 δὲ
1226 959 1331 1038 οὕτως

197 1054 219 1145 ἡ
244 1055 347 1138 πόλις
369 1057 545 1137 διάκειται,
569 1056 655 1125 ώστε
679 1053 789 1125 οὐκέτι
819 1048 866 1124 ών
891 1049 986 1126 οὗτοι
1011 1061 1211 1129 κλέπτουσιν
1238 1055 1330 1150 ἐργί-

200 1163 313 1243 ζεσδε,
334 1157 407 1228 ἀλλ’
430 1153 475 1229 ών
495 1158 592 1229 αὐτοὶ
613 1159 800 1245 λαμβάνετε
820 1161 917 1252 χάριν
942 1160 1013 1230 ἴστε
1035 1160 1151 1255 ώσπερ
1174 1161 1267 1250 ὑμεῖς
1289 1162 1329 1228 τὰ

198 1264 327 1334 τούτων
355 1269 667 1355 μισθοφοροῦντες,
698 1260 772 1331 ἀλλ’
794 1261 832 1332 οὐ
862 1264 989 1333 τούτων
1016 1267 1059 1334 cd
1088 1263 1232 1357 δμέτερα
1256 1267 1331 1332 κλε-

199 1369 361 1439 πτόντων.
390 1375 478 1440 Adde
499 1376 592 1440 verba
613 1373 645 1457 §i
667 1373 793 1451 tertiae,
816 1393 876 1456 qua
897 1375 931 1439 in
946 1377 983 1458 §c
999 1395 1052 1439 cur
1073 1376 1233 1458 Epicrates
1249 1374 1331 1438 eius-

199 1503 261 1568 que
276 1484 352 1549 socii
369 1481 516 1570 φύλακες
531 1483 599 1546 κτλ.
615 1482 861 1561 denominentur,
876 1483 996 1548 nemini
1010 1485 1078 1548 tum
1091 1484 1140 1549 est
1153 1483 1330 1548 offensioni:

198 1583 313 1652 καίτοι
333 1584 409 1653 τίνα
428 1586 491 1675 χρὴ
515 1582 640 1652 ἐλπίδα
670 1581 755 1666 ἔχειν
778 1584 960 1675 σωτηρίας,
992 1581 1179 1653 δπότανέν
1200 1584 1329 1673 χρήμα-

200 1710 255 1754 σιν
278 1680 301 1775 ᾗ
330 1685 387 1753 καί
416 1689 569 1774 σωθῆναι
597 1684 655 1774 τήν
684 1684 784 1753 πόλιν
812 1686 869 1754 καί
894 1689 956 1776 μη,
987 1695 1092 1757 ταῦτα
1123 1691 1160 1757 δέ
1189 1678 1330 1767 οὗτοι,

188 1790 396 1881 Ιφύλακες
417 1787 481 1880 ὑφ’
502 1788 614 1872 ὑμῶν
634 1790 942 1872 καταστάντες,
974 1792 1006 1859 σί
1027 1797 1106 1859 τών
1129 1788 1330 1859 ἀδικούν-

198 1923 283 1964 τιον
311 1894 540 1976 κολασταί,
571 1896 743 1964 κλέπτωσί
769 1923 805 1964 τε
835 1898 892 1965 καί
920 1900 1261 1986 καταδισροδοκώσιν;
1289 1936 1332 1946 —-

198 2003 384 2086 Nuperrime
398 2002 540 2091 Blassius
563 2002 611 2084 [in
631 2002 733 2066 annal.
749 2002 876 2068 Jenens.
891 2003 949 2068 Nc.
974 2006 989 2067 1
1013 2005 1110 2085 1874]
1127 2004 1331 2086 suspitionem

198 2101 300 2164 movit
326 2101 365 2194 in
389 2099 538 2165 Schcellii
565 2102 885 2183 argumentationum,
924 2122 995 2165 curn
1025 2104 1132 2186 utique
1155 2104 1330 2179 contendat,

199 2204 374 2269 orationem
391 2221 458 2268 esse
475 2200 730 2289 δευτερολογίαν
752 2204 880 2286 ideoque
903 2222 1027 2268 causam
1050 2206 1211 2269 obscuram
1233 2224 1331 2287 neque

200 2303 441 2380 enucleandam,
468 2305 574 2367 tamen
605 2304 752 2369 Schcellii
781 2306 969 2370 sententiam
991 2306 1218 2390 'dignissimam
1255 2328 1332 2385 esse,

200 2419 278 2484 quae
301 2419 320 2464 a
340 2400 417 2464 uiris
438 2400 537 2465 doctis
559 2402 722 2484 spectetur,
743 2402 915 2467 confitetur.

288 2501 392 2584 Atque
408 2503 443 2565 ut
457 2502 495 2565 ad
512 2501 624 2565 aliud
640 2503 765 2581 crimen,
782 2504 861 2586 quod
875 2504 1014 2588 Epicrati
1026 2506 1177 2589 sociisque
1191 2507 1332 2583 obicitur,

199 2606 411 2681 transeundae,
446 2625 507 2668 non
537 2604 638 2669 solum
667 2604 793 2691 κλοπῆς
822 2604 991 2692 δημοσίων
1015 2604 1192 2694 χρημάτων
1227 2628 1333 2674 verum

163 2783 171 2789 ‚
201 2709 298 2773 etiam
307 2704 515 2794 δωροδοκίας
529 2709 601 2773 illos
617 2709 792 2774 insimulari
807 2728 843 2774 ex
859 2711 996 2776 oratione
1012 2713 1183 2777 luculenter
1198 2717 1332 2798 apparet,

202 2812 257 2876 sed
279 2813 449 2895 quaeritur,
483 2812 572 2894 quale
601 2813 711 2895 quidve
733 2814 850 2878 crimen
878 2817 970 2880 verbo
1002 2813 1210 2902 δωροδοκίας
1230 2819 1332 2884 orator

200 2914 279 2979 velit
306 2914 458 2997 intellegi.
501 2914 583 2977 Nam
613 2933 683 2977 cum
714 2915 852 2980 diversae
881 2916 918 2980 de
947 2936 983 2981 ea
1011 2938 1045 2981 rc
1067 2919 1204 3000 prolatae
1227 2919 1332 2983 sinta

200 3018 277 3082 uiris
297 3017 395 3082 doctis
418 3017 602 3095 sententiae,
622 3019 723 3081 facere
745 3037 808 3082 ncn
829 3039 954 3100 possum
978 3023 1053 3104 quin
1072 3023 1175 3105 paullo
1199 3023 1333 3106 amplius

201 3119 260 3182 hac
291 3117 324 3180 in
353 3136 386 3180 re
413 3117 569 3181 immorer.
611 3117 723 3199 Lysias
752 3117 840 3181 illam
869 3118 1137 3185 insimulationem
1168 3125 1204 3207 §a
1240 3124 1334 3189 tertia

201 3220 348 3304 attingit:
369 3220 763 3307 καταδωροδοκῶσι
786 3224 817 3286 et
839 3221 895 3288 καὶ
917 3219 1082 3311 πρότερον
1102 3217 1164 3311 ἤδη
1188 3224 1334 3316 δώρων

200 3322 387 3413 ἐκρίθησαν
410 3344 671 3401 commemor·ans;
703 3325 812 3390 deinde
843 3327 984 3410 sequenti
1013 3329 1051 3410 §a
1074 3322 1169 3393 αὐτοὶ
1195 3321 1279 3416 ἦσαν
1301 3328 1337 3395 οἳ

202 3432 282 3522 περὶ
311 3435 389 3496 τών
421 3427 651 3519 χρημάτων
688 3431 759 3497 καὶ
794 3435 874 3497 τών
904 3430 1047 3519 δώρων
1083 3431 1169 3520 πρδς
1196 3433 1335 3512 τούτους

202 3536 416 3628 πράττοντες,
438 3539 568 3621 denique
588 3541 625 3621 ἕο
650 3541 736 3603 sexta
756 3536 853 3626 μέρει
875 3542 940 3603 τών
963 3533 1178 3625 ἀδικημάτων
1194 3539 1250 3603 τδν
1264 3538 1334 3604 κίν-
1409 3564 1417 3577 ·

202 3642 300 3706 δυνον
322 3635 532 3727 ἐξεπρίαντο.
564 3676 606 3685 -—
636 3639 799 3704 Scheibius
828 3642 1017 3718 contortam,
1048 3641 1083 3704 ut
1104 3641 1184 3705 mihi
1204 3641 1334 3718 ridetur,

202 3745 441 3828 explicationem
463 3744 587 3808 illorum
609 3745 772 3808 verborum
794 3745 826 3826 §i
854 3746 964 3809 tertiae
991 3747 1165 3829 proposuit:
1195 3741 1335 3834 ,δώρων

202 3853 265 3918 ista
286 3846 399 3938 γραφη
421 3850 576 3934 superiore
599 3852 737 3933 tempore
759 3851 793 3914 in
816 3851 893 3915 istos
917 3852 1062 3916 inst'tuta
1087 3855 1182 3930 erat‘,
1209 3855 1268 3930 ita,
1300 3857 1335 3919 ut

202 3957 237 4019 in
259 3950 423 4041 πρότερον
445 3972 519 4017 voce
549 3955 719 4039 maximum
746 3953 797 4017 illi
818 3957 1011 4020 momentum
1033 3958 1170 4040 positum
1195 3959 1335 4024 videatur

203 4059 236 4122 et
257 4075 292 4120 co
314 4054 405 4120 modo
428 4056 493 4118 iure
516 4055 672 4145 κλέπτειν
695 4079 731 4120 τε
753 4054 811 4120 καί
833 4056 1035 4145 δωροδοκεῖν
1058 4061 1120 4125 dici
1147 4083 1238 4145 posse
1267 4065 1334 4145 opi·

203 4164 304 4226 netur.
346 4162 462 4224 Verum
485 4161 568 4224 enim
588 4180 675 4239 vero,
698 4181 772 4226 num
791 4163 847 4227 illa
870 4166 1107 4246 argumentandi
1126 4168 1206 4233 ratio
1228 4186 1334 4250 reapse

205 4319 296 4381 aridate
314 4319 389 4374 ἐστιν
407 4313 602 4378 ἀνυπεύθυνος
613 4299 668 4373 τών
687 4321 734 4371 καὶ
748 4317 880 4374 ὁπωσοῦν
897 4319 969 4393 πρὸς
979 4319 1011 4373 cd
1029 4321 1108 4375 κοινὰ
1127 4318 1337 4393 προςελδόντων

100 4455 103 4462 .
205 4407 327 4460 nimirum
344 4409 453 4473 praeter
473 4404 651 4472 Areopagitas
672 4404 766 4471 prioris
786 4404 921 4472 temporis.
953 4403 992 4456 Of.
1005 4404 1147 4458 'Wachsm
1167 4404 1228 4457 hell.
1247 4403 1336 4457 Alter-

205 4488 278 4543 thsk.
297 4488 320 4553 l,
341 4490 365 4540 1.
382 4503 410 4554 p.
425 4486 483 4555 192,
503 4487 537 4540 Κ.
550 4486 596 4539 Fr.
616 4486 753 4539 Hermann
771 4488 786 4551 ξ
805 4484 863 4540 147.
882 4489 906 4540 d.
925 4500 964 4553 gr.
984 4483 1181 4538 Staatsalterth.
