3142 5036
259 461 430 524 Ultimum
446 460 576 542 denique
600 460 714 524 vitium
739 459 801 532 est,
831 456 911 539 quod
943 457 993 521 Fr.
1015 457 1048 518 in
1070 457 1208 519 oratione
1231 457 1305 538 Epi-

160 562 282 624 cratea
307 561 462 644 vituperat
483 562 525 644 (p.
546 563 622 644 204)
653 558 753 642 „quod
775 557 932 622 accusatio
961 557 1027 621 tam
1059 557 1107 620 est
1129 555 1253 620 infinita
1274 558 1306 619 et

160 666 236 727 tam
262 682 361 746 pauca
376 664 460 728 faeta
482 664 635 739 continet,
658 661 733 726 adeo
753 662 835 725 errat
853 661 885 724 et
900 660 1031 742 vagatur
1045 659 1127 722 inter
1145 659 1305 723 accusatos

161 767 197 829 et
222 765 424 842 defensores,
457 786 586 850 quorum
616 765 738 847 utrique
759 763 940 846 pronomine
963 750 1058 826 οὖτοι
1081 761 1306 845 significantur,

160 872 201 934 ut
225 890 343 954 parum
365 872 495 954 limpida
517 873 588 937 sit.“
619 872 679 934 His
702 872 735 934 in
751 870 853 935 verbis
874 888 946 933 vera
968 869 1093 953 quidem
1108 870 1229 946 insunt,
1252 869 1305 933 sed

161 976 246 1059 quid
272 977 402 1053 mirum,
432 978 512 1060 qued
534 976 657 1040 infinita
679 979 711 1039 et
733 977 862 1040 obscura
883 975 972 1039 nobis
995 974 1117 1039 videtur
1139 974 1305 1050 accusatio,

161 1078 193 1142 si
210 1078 319 1142 totam
339 1079 525 1153 orationem,
549 1095 626 1160 quae
644 1077 733 1141 nobis
748 1077 863 1154 exstat,
887 1076 1097 1159 fragmentum
1108 1112 1150 1121 -
1161 1076 1305 1140 ultimam

160 1182 298 1262 partem
326 1179 491 1262 primariae
520 1178 707 1260 orationis1)
729 1213 772 1224 —-
793 1177 885 1260 idque
914 1177 1004 1240 valde
1033 1176 1215 1240 mutilatum
1238 1194 1306 1241 esse

160 1288 380 1369 reputamus?
419 1287 467 1350 De
496 1286 693 1351 accusatione
723 1286 755 1348 in
777 1286 878 1368 priore
901 1284 1131 1349 dissertationis
1153 1284 1306 1367 particula

163 1391 314 1473 egimus,
336 1391 369 1454 in
386 1390 534 1455 Schoellii
556 1391 612 1454 illa
634 1390 671 1454 de
691 1390 828 1473 syndieis
850 1391 882 1454 et
899 1389 1029 1472 syllogis
1045 1389 1306 1471 commentatione

162 1495 278 1558 multa
298 1495 470 1577 probabilia
492 1497 565 1559 sunt
586 1496 759 1578 proposita,
788 1513 866 1579 quae
888 1495 1070 1577 caliginem,
1092 1495 1126 1558 in
1149 1514 1209 1578 qua
1229 1498 1307 1559 haec

164 1600 274 1662 latere
296 1599 418 1662 videtur
440 1599 606 1674 accusatio,
628 1598 797 1663 illustrent.
829 1599 889 1665 Sed
910 1617 992 1662 nunc
1013 1617 1072 1682 quo
1094 1598 1161 1662 iure
1183 1600 1216 1663 et
1238 1618 1307 1664 reos

165 1703 201 1765 et
225 1700 408 1765 defensores
431 1720 536 1766 eorum
556 1703 701 1784 utrosque
720 1702 901 1784 pronomine
923 1689 1017 1765 οὗτοι
1043 1701 1222 1784 compellari
1243 1704 1306 1766 Ba-

164 1805 267 1869 tavus
298 1804 488 1885 opposuerit,
518 1804 659 1886 indagari
687 1806 823 1887 oportet:
865 1807 1040 1869 Pronomen
1070 1793 1165 1869 οὗτοι
1194 1806 1307 1888 plurali

165 1931 306 1977 numero
329 1912 486 1976 invenitur
506 1913 539 1976 in
553 1912 719 1994 Epicrates
737 1912 949 1977 undevicesies
965 1913 1090 1995 excepto
1106 1913 1173 1977 loce
1189 1914 1208 1995 ἕ
1223 1913 1321 1991 Vlll,

166 2018 227 2082 ubi
255 2003 350 2080 οότοι
373 2015 451 2101 περὶ
473 2004 519 2079 ὦν
541 2016 729 2099 generaliter
750 2036 805 2099 pro
832 2016 930 2080 latine
960 2015 1188 2098 frequentativo
1217 2018 1306 2100 „qui-
1366 2085 1372 2095 ,

168 2123 318 2201 cunque“
341 2118 516 2200 usurpatur.

263 2220 301 2301 §o
326 2220 353 2282 1.
382 2214 544 2280 τούτων
566 2213 728 2301 λεγόντων
751 2237 860 2301 nempe
882 2217 1018 2300 pertinet
1040 2217 1078 2281 ad
1100 2236 1178 2282 reos.

263 2318 301 2400 §o
322 2322 352 2382 2.
382 2314 438 2381 διὰ
459 2312 619 2381 τούτων
642 2319 704 2383 nisi
726 2319 865 2383 neutrius
884 2318 1015 2403 pluralis
1034 2337 1133 2403 genus
1156 2321 1306 2404 statuas²)

382 2421 518 2504 pertinet
539 2422 578 2484 ad
599 2440 678 2485 reos
699 2417 888 2499 τούτοις,
922 2408 1058 2498 οὗτοι,
1091 2416 1122 2485 οῖ
1144 2418 1307 2487 τούτιον

231 2608 234 2613 .
384 2519 478 2609 λόγοι
502 2527 652 2591 nimirum
675 2527 713 2591 ad
733 2547 811 2593 reos.

264 2632 302 2711 §a
326 2632 355 2693 3.
386 2616 507 2693 οὗτοι
529 2627 677 2716 φύλακες
697 2623 754 2713 ὑφ’
777 2623 868 2711 ύμιόν
889 2628 1114 2708 καταστάντες
1136 2632 1174 2696 ad
1196 2650 1274 2695 reos

265 2736 302 2815 §o
323 2735 352 2797 4.
383 2729 467 2818 ιιοός
488 2729 669 2810 τούτους
692 2733 814 2799 scilieet
835 2754 912 2799 reos.
938 2731 1095 2799 τούτου
1117 2735 1155 2799 ai
1181 2736 1306 2819 Epicra-

383 2832 448 2896 tem
471 2835 600 2915 spectat.

265 2935 302 3014 §a
325 2937 354 2998 e.
384 2934 477 3015 παρὰ
499 2929 660 3000 τούτιον
683 2934 775 3022 δίκην
798 2934 957 3020 λαβόντες
979 2941 1061 3004 certe
1086 2909 1123 3004 tc
1145 2941 1207 3006 reis
1230 2942 1308 3007 dicit

384 3038 505 3120 Lysiae.

265 3140 302 3221 §e
325 3142 354 3204 7.
385 3135 647 3226 ἀποψηφιεῖσθε
670 3139 832 3206 τοότιον
853 3179 896 3188 -
913 3141 1007 3230 παρὰ
1030 3142 1191 3209 τούτων
1213 3142 1311 3232 δίκην

385 3237 562 3327 εἰληφότες
583 3237 715 3308 ἔσεσθε.

266 3344 303 3423 §o
326 3346 354 3406 8.
383 3339 548 3406 τούτοιν
569 3342 611 3407 τὰ
636 3339 817 3432 πράγματα
841 3350 1110 3434 κατηγορεῖσθαι
1132 3349 1200 3432 ipsa
1222 3350 1306 3415 facta

385 3449 539 3511 accusant.
1239 3457 1243 3461 ’

267 3548 306 3628 §o
326 3550 355 3611 9.
386 3535 511 3611 ούτοι
531 3543 690 3612 πλούσιοι
711 3545 883 3633 γεγόνασιν
897 3585 939 3594 -
954 3541 1047 3631 ὑμεῖς
1069 3547 1126 3612 διὰ
1146 3546 1308 3614 τούτιον

386 3650 533 3735 πένητες.

267 3754 303 3834 §0
328 3755 376 3816 11.
406 3740 528 3818 οὗτοι
551 3754 732 3819 κλέπτουσι
755 3753 923 3818 certesei!
947 3790 990 3799 —
1011 3750 1123 3841 ιῖςτιεο
1150 3747 1244 3837 ὑμεῖς
1265 3754 1307 3820 τὰ

367 3848 546 3922 ’τούτων
573 3858 866 3943 μισθοφοροῦντες
898 3851 971 3920 ote’
1002 3851 1041 3922 ού
1074 3850 1237 3923 τούτιον
1265 3857 1307 3923 τὰ

350 4037 355 4047 .
386 3956 529 4048 ὑμέτερα
552 3959 770 4026 κλεπτόντων.

267 4068 304 4148 §e
327 4069 376 4131 13.
406 4062 435 4129 εἰ
462 4059 588 4130 ἀδικεῖν
619 4059 800 4140 τούτους
826 4063 929 4148 μηδὲν
952 4061 1143 4145 νομίζουσιν
1165 4066 1231 4130 scil.
1259 4070 1308 4144 „si

385 4172 465 4236 nihil
477 4171 553 4235 mali
575 4189 643 4234 reos
663 4169 775 4234 fecisse
795 4171 960 4253 opinantur
975 4189 1081 4235 eorum
1101 4171 1307 4237 defensores“

193 4312 394 4324 Ἢ

253 4408 280 4472 1)
299 4408 340 4462 De
358 4407 408 4460 hac
426 4423 455 4460 re
473 4407 543 4460 infra
560 4364 637 4472 plura
656 4404 780 4458 dicemus.

252 4493 281 4558 2)
303 4493 343 4545 Ita
361 4491 452 4545 Reisk.
471 4491 503 4544 V.
522 4507 548 4557 p.
567 4490 658 4567 808,t.
680 4494 707 4543 et
728 4489 797 4543 Falk
825 4491 921 4558 Lysias
941 4505 966 4555 p.
985 4487 1043 4544 aut.
