3142 5036
689 304 900 366 „29-

227 471 324 545 sima,
354 489 441 545 nam,
471 472 623 552 utsupra
650 472 771 547 monui,
800 472 859 535 hac
888 470 1064 535 coniectura
1090 472 1213 553 recepta
1235 490 1295 535 non
1323 471 1356 534 in

226 570 369 651 publicos
395 569 598 649 magistratus
624 570 752 651 Lysiam
778 570 830 634 hic
852 570 958 634 invehi
980 569 1156 645 arbitratur,
1180 571 1287 634 sedin
1309 571 1356 634 fa·

227 672 366 736 ctionem
388 673 544 736 oratorum
572 674 729 737 venalium
758 674 924 756 quandam,
955 673 1007 756 qui
1024 675 1176 756 ‘quamvis
1206 694 1274 740 sese
1304 695 1358 757 pro

226 772 437 854 reipublicae
464 773 564 837 salute
586 773 799 856 prospecturus
820 792 887 839 esse
918 793 1039 858 semper
1061 776 1221 853 dictitent,
1253 778 1357 841 tamen

230 877 294 940 sibi
316 877 393 958 ipsis
416 876 503 940 lucra
524 878 712 960 comparent.
730 913 774 923 -

315 977 385 1057 §d
431 976 540 1042 Subita
569 978 727 1042 conversio
750 978 795 1061 §i
825 981 952 1061 quartae
989 977 1045 1044 καὶ
1071 973 1148 1061 ὑμῖν
1175 973 1238 1058 ἔχω
1269 979 1358 1043 valde

228 1081 423 1145 Franckenio
452 1082 597 1165 displicet
625 1083 667 1165 (p.
687 1084 773 1164 203).
822 1084 936 1150 Melior
964 1084 1130 1149 intercedit
1156 1103 1302 1161 conexus,
1332 1087 1359 1150 si

229 1186 394 1250 scribimus
411 1177 433 1249 d
448 1186 507 1250 καὶ
520 1181 597 1268 ὑμῖν
609 1182 682 1268 ἐβίω,
701 1190 780 1272 quod
797 1192 971 1273 nuperrime
986 1191 1145 1274 proposuit
1159 1190 1358 1256 Halbcrtsma

228 1287 366 1351 Batavus
395 1288 427 1351 et
457 1287 683 1354 Herwcrdenus
709 1290 742 1354 in
773 1291 903 1355 analect.
927 1292 1026 1357 critic.
1048 1292 1081 1355 in
1112 1292 1185 1373 Lys.
1208 1293 1241 1355 et
1263 1292 1359 1356 Thuo.

230 1386 291 1450 Sed
312 1388 391 1470 quod
412 1389 514 1454 orator
536 1391 595 1454 hoc
617 1390 683 1454 loco
706 1391 835 1474 abrupte
857 1392 1079 1474 quodammodo
1101 1392 1264 1475 minusque
1287 1413 1357 1458 sua·

229 1489 309 1552 viter
329 1490 547 1556 transitionem
575 1492 613 1555 ad
642 1492 704 1556 alia
733 1492 823 1571 facit,
857 1494 888 1557 id
915 1494 1111 1558 librariorum
1141 1495 1278 1558 incuriae
1300 1497 1357 1560 tri-

229 1592 384 1656 buendum
413 1593 544 1670 videtur,
574 1613 647 1658 nam
670 1595 762 1659 facile
784 1594 861 1659 illud
883 1597 1049 1661 relativum
1071 1593 1093 1659 ἅ
1115 1598 1253 1679 potuisse
1276 1598 1357 1662 exci-

229 1695 316 1772 dere,
339 1697 482 1779 equidem
504 1698 696 1762 crediderim.
744 1700 910 1763 Praeterea
937 1702 1032 1764 etiam
1053 1701 1277 1764 sententiarmn
1307 1720 1358 1764 co-

229 1819 325 1865 nexus
346 1803 393 1865 rei
422 1804 471 1867 est
499 1803 591 1885 plane
613 1804 879 1868 accommodatus:
919 1806 1021 1881 „Reus
1050 1804 1175 1886 eiusque
1203 1804 1236 1868 in
1266 1823 1358 1868 causa

230 1905 308 1968 socii
337 1905 400 1968 iam
427 1907 512 1987 prius
535 1907 607 1970 ante
637 1906 787 1970 iudicium
815 1908 983 1983 steterunt,
1014 1907 1093 1989 quod
1115 1908 1202 1972 vobis
1231 1909 1358 1989 potissi-

229 2025 331 2084 mum,
362 2008 494 2085 iudices,
525 2011 573 2072 est
602 2011 778 2092 opprobrio,
808 2011 860 2093 qui
888 2011 1026 2074 eiusdem
1054 2011 1195 2075 criminis
1218 2013 1357 2077 Onosan·

229 2110 319 2173 drum
332 2111 545 2187 damnavistis,
568 2112 747 2197 absolvistis
761 2132 833 2177 vero
849 2113 1055 2195 Epicratem.“
1077 2114 1144 2176 lam
1158 2133 1230 2178 vero
1246 2133 1358 2178 nomen

227 2210 476 2294 Ὀνομάσαντος
493 2215 619 2279 Graecis
635 2219 717 2280 certe
733 2216 921 2293 inauditmn,
937 2216 1056 2281 nemini
1071 2216 1162 2280 debet
1176 2235 1243 2281 esse
1259 2217 1355 2281 offen·

229 2322 324 2399 sioni,
357 2323 409 2405 qui
430 2325 693 2406 secumreputat,
728 2344 820 2407 quam
841 2324 1001 2405 corruptae
1022 2341 1058 2386 ac
1080 2323 1243 2387 lacunosae
1265 2324 1354 2387 nobis

228 2425 341 2506 Lysiae
364 2426 518 2490 orationes
541 2426 674 2490 traditae
698 2428 770 2492 sint.
810 2426 983 2491 Hermanni
1004 2426 1111 2508 Saupii
1131 2427 1266 2490 maxirna
1289 2427 1357 2491 laus

230 2547 446 2610 summumque
468 2530 517 2592 est
538 2529 701 2606 meritum,
724 2531 804 2614 quod
826 2530 1083 2613 demonstravit1)
1107 2529 1243 2594 codicem
1263 2531 1356 2595 Pala·

229 2633 346 2709 tinum,
384 2634 437 2715 qui
466 2633 558 2698 litera
584 2635 614 2698 X
644 2635 812 2718 significari
841 2635 935 2711 solet,
972 2636 1098 2699 unicum
1128 2637 1220 2718 atque
1249 2655 1356 2700 verum

231 2735 348 2799 fontom
370 2738 542 2801 ceterorum
565 2756 632 2801 esse
654 2739 808 2815 codicum,
839 2739 892 2802 sed
915 2741 1020 2803 tamen
1047 2739 1100 2802 hic
1122 2758 1240 2821 quoque
1263 2741 1355 2805 codex

230 2857 291 2901 non
311 2839 414 2903 minus
435 2839 527 2921 quam
549 2841 646 2906 ceteri
666 2842 830 2907 lacunosus
852 2861 888 2905 ac
908 2845 1068 2925 corruptus
1089 2843 1151 2919 est,
1173 2845 1356 2925 praesertim

228 2941 262 3004 in
283 2959 341 3004 orr.
357 2941 410 3017 IV,
432 2941 515 3016 Vlll,
538 2941 605 3018 XX,
628 2941 755 3018 XXVII,
778 2944 813 3004 ut
831 2941 907 3005 viris
924 2942 1043 3004 criticis
1058 2940 1141 3005 latus
1162 2941 1356 3006 coniectandi

229 3064 355 3127 campus
377 3045 491 3126 pateat.
536 3044 643 3129 Neque
666 3062 737 3107 vero
760 3045 863 3125 potest
884 3044 1007 3124 probari
1028 3063 1132 3108 eorum
1152 3045 1355 3127 interpretum

228 3153 321 3228 ratio,
352 3153 405 3233 qui
433 3151 467 3213 in
497 3148 629 3232 singulis
659 3167 748 3231 saepe
778 3147 983 3224 haesitantes,
1020 3148 1057 3211 de
1088 3150 1197 3230 quibus
1224 3149 1356 3214 fortasse

229 3276 385 3339 nunquam
400 3274 568 3320 consensus
588 3255 669 3320 iuter
684 3273 790 3319 omnes
804 3256 886 3319 viros
909 3255 1015 3318 doctos
1036 3255 1217 3332 versabitur,
1233 3293 1275 3300 -
1295 3256 1355 3320 sio-

228 3364 275 3426 uti
298 3365 334 3427 de
356 3364 414 3428 hoo
437 3362 561 3427 nomine
583 3362 730 3426 mutilato
757 3399 799 3407 -
824 3362 995 3426 orationem
1017 3379 1078 3424 non
1099 3362 1266 3442 genuinam
1289 3380 1356 3425 esse

229 3468 409 3541 ostendant3
441 3467 541 3531 multo
564 3467 800 3532 fructuosiorem
822 3468 896 3549 puto
919 3465 1056 3529 laborem
1079 3482 1160 3541 esse,
1193 3465 1221 3527 si
1243 3464 1357 3528 codicis

229 3573 419 3657 corruptelas
440 3592 531 3655 quam
552 3573 784 3637 accuratissime
800 3572 982 3654 indagemus
997 3570 1029 3633 et
1048 3568 1173 3651 cognita
1187 3567 1355 3650 manifesta

228 3675 296 3740 labe
320 3677 373 3758 qui
394 3677 470 3739 haec
494 3676 625 3739 existere
646 3675 795 3758 potuerit,
819 3676 911 3758 atque
934 3693 992 3757 quo
1015 3674 1105 3737 modo
1129 3671 1241 3755 corrigi
1263 3671 1356 3736 liceat

229 3796 352 3859 operam
373 3795 532 3841 navemus.
567 3778 616 3840 lta
636 3777 736 3859 primo
759 3778 869 3841 obtutu
884 3776 1010 3859 apparet
1024 3769 1269 3855 Ὀνομάσαντος
1283 3793 1354 3858 gra-

228 3899 297 3945 vem
319 3899 387 3946 esse
416 3880 550 3945 nominis
579 3878 695 3962 proprii
721 3879 927 3962 corruptelam
954 3879 1075 3943 librarii
1103 3878 1222 3943 incuria
1245 3879 1354 3944 ortam.

229 3988 313 4064 Quae
342 4007 416 4050 num
446 3988 491 4051 ita
521 3988 624 4051 sanari
653 3986 766 4069 possit,
803 3987 839 4048 ut
867 4004 973 4050 omnes
1004 3985 1189 4067 interpretes
1217 3987 1355 4049 contenti

229 4091 443 4155 emendatione
466 4091 678 4173 acquiescant,
706 4088 848 4170 equidem
869 4088 959 4152 valde
987 4087 1201 4152 dubitaverim.
1247 4087 1354 4168 Neque

229 4195 311 4257 enim
335 4194 372 4257 de
395 4194 481 4257 illius
504 4194 565 4258 viri
587 4193 667 4267 vita,
697 4190 734 4253 de
756 4188 849 4253 factis
872 4208 928 4252 nec
951 4189 1116 4271 quidquam
1139 4187 1216 4250 certi
1238 4187 1274 4249 dc
1296 4187 1355 4247 hac

296 4417 322 4477 1)
341 4413 464 4482 Epistola
483 4414 574 4467 critica
588 4413 622 4466 ad
637 4411 857 4467 G.Herma11nu1n
872 4410 945 4479 Lips.
960 4411 1033 4466 1841.
1046 4427 1099 4479 pag
1122 4410 1214 4464 7-23.
1229 4408 1263 4460 cl'.
1277 4408 1355 4460 ctiam

228 4493 256 4547 C.
276 4495 395 4550 Scheibe,
415 4496 507 4563 Progr.
527 4494 751 4562 orphanotropbci
766 4494 890 4548 Halensis
911 4496 987 4560 1836,
1006 4509 1067 4561 pag.
1088 4494 1105 4545 4
1123 4509 1160 4560 sq.
1179 4498 1206 4544 ct
1222 4507 1248 4557 p.
1268 4491 1300 4543 13
1318 4507 1356 4558 sq.
