3142 5036
694 266 905 327 ..10-

235 427 408 490 narratione
423 430 542 510 accepit
556 430 734 511 pecuniam:
758 422 863 518 άνδρα
882 425 939 495 οὖν
951 426 1077 496 Ῥόδιον
1093 430 1127 507 ἐς
1143 428 1200 515 την
1213 425 1358 494 Ἑλλάδα

237 529 365 612 πέμπει
386 531 465 614 (scil.
482 532 692 616 Titluunstes)
713 530 866 619 χρήματα
887 525 1018 618 άγοντα,
1044 528 1272 613 ἐντειλάμενος
1297 529 1361 595 πό-

236 630 336 713 λεμον
356 629 390 695 ἐν
414 634 455 719 τῇ
477 626 613 696 Ἑλλάδι
633 628 847 718 ἐργάσασθαι
862 628 1160 714 Λακεδαιμονίοις·
1186 629 1218 696 ol
1239 630 1277 697 δὲ
1298 631 1363 693 τιῢν

236 729 413 819 χρημάτων
433 729 679 816 μεταλαβόντες
696 728 854 821 Ἀργείων
874 733 933 815 μίν
951 732 1069 799 Κύλων
1091 759 1127 800 τε
1149 726 1235 823 εἶναι
1249 732 1363 819 λέγον-

131 844 136 861 “
236 862 293 902 ται
313 839 368 904 καί
387 834 562 922 Σωδάμας,
587 838 621 904 ἐν
642 838 772 925 Θήβαις
792 840 828 906 δὲ
846 834 1100 927 Ἀνδροκλείδης
1120 839 1176 904 καί
1196 833 1365 923 Ἰσμηνίας

238 939 295 1004 καί
319 933 544 1027 Ἀμφίθεμις,
581 941 720 1025 μετέσχε
750 941 786 1007 δὲ
816 939 872 1006 καί
905 936 1088 1028 Ἀθηναῖος
1116 941 1278 1028 Κέφαλος
1308 938 1365 1006 καί

237 1035 496 1130 Ἐπικράτης.
538 1047 597 1112 Sed
619 1049 670 1112 vir
691 1067 764 1112 uera
785 1049 930 1112 retulisse
951 1050 1153 1125 Pausaniam,
1178 1067 1276 1131 noque
1296 1049 1365 1112 tum

236 1154 413 1237 Epicratem
442 1157 606 1238 pecuniam
635 1158 789 1240 accepisse
820 1158 900 1222 iure·
916 1159 949 1221 et
969 1160 1119 1223 Ernestus
1143 1158 1297 1239 Curtius¹)
1334 1157 1366 1219 et

239 1259 390 1344 Sieversll
413 1263 598 1326 statuerunt.
641 1263 700 1327 llla
723 1263 821 1340 enim,
843 1280 920 1346 quae
942 1264 1114 1328 Pausanias
1137 1263 1251 1339 narrat,
1274 1262 1366 1345 plane

238 1363 411 1443 repugnant
428 1363 530 1426 verbis
544 1363 759 1447 Xenophontis
778 1365 810 1428 in
826 1365 1060 1430 Hellenioorum
1076 1366 1155 1430 libro
1174 1366 1268 1430 tertio
1286 1353 1381 1448 [caps

240 1461 270 1536 5,
292 1461 346 1543 2]:
364 1454 541 1547 Ἀθηναῖοι
559 1462 595 1528 δὲ
615 1463 670 1528 καί
686 1459 725 1529 οὐ
740 1462 987 1547 μεταλαβόντες
1002 1462 1123 1532 τούτου
1139 1468 1200 1530 τοῦ
1219 1462 1366 1552 χρυσίον,

242 1560 332 1647 ὅμως
354 1561 530 1660 πρόδομοι
545 1559 630 1655 ἦσαν
650 1567 685 1647 ἐς
706 1568 763 1634 τόν
779 1568 938 1653 πόλεμον.
974 1572 1046 1637 Sine
1068 1572 1133 1637 ullo
1156 1574 1260 1636 autem
1276 1572 1367 1636 dubio

240 1669 298 1732 hae
318 1669 355 1732 cle
374 1688 408 1732 ro
432 1671 630 1754 Xenophonti
654 1673 752 1737 maior
772 1671 849 1736 fides
869 1672 1031 1738 tribuenda
1054 1675 1116 1750 est,
1139 1661 1231 1756 quam
1250 1675 1367 1737 Pausa-

241 1769 327 1833 niae:
350 1789 423 1833 nam
443 1772 627 1855 Xenophon,
649 1793 720 1838 oum
741 1775 819 1839 satis
840 1777 961 1841 constet
983 1777 1065 1839 hunc
1081 1776 1262 1859 scriptorem
1276 1775 1367 1858 Spar-

241 1872 295 1936 tae
321 1872 527 1951 laudatorem,
559 1875 753 1941 Athenamm
778 1879 1047 1962 obtrectatorem)
1080 1878 1191 1954 fuisse,
1222 1878 1275 1960 qui
1299 1879 1368 1941 tan-

242 1958 321 2049 dem,
344 1972 373 2036 si
394 1973 603 2040 Athenienses
623 1994 656 2040 re
676 1995 749 2042 uera
763 1978 925 2060 pecuniam
941 1978 1147 2061 accepissent,
1170 1976 1202 2040 id
1225 1976 1370 2040 omittere

243 2071 412 2153 potuisset!

327 2173 446 2237 Maiore
468 2193 539 2239 vero
567 2175 627 2239 fide
649 2177 742 2260 digna
770 2178 892 2242 videtur
914 2179 1049 2244 narratio
1072 2178 1248 2254 Plutarchi,
1278 2195 1371 2259 quam

245 2279 281 2341 cle
304 2279 447 2362 Epicrate
476 2281 652 2345 invenimus
681 2282 714 2345 in
746 2282 830 2347 vitae
852 2284 1018 2367 Pelopidae
1041 2285 1142 2367 capite
1164 2281 1370 2364 tricesimos:

245 2376 341 2461 „ala'
357 2380 465 2450 ἔοικεν
481 2380 539 2467 οὐχ
559 2380 579 2473 ἦ
596 2385 787 2473 δωροδοκία
801 2384 949 2470 μάλιστα
970 2388 1159 2475 παροξῦναι
1173 2384 1251 2464 τούς
1265 2381 1372 2469 Ἀθη-

244 2486 369 2567 ναίονς·
395 2483 616 2576 Ἐπικράτους
638 2494 715 2576 χοῦν
733 2515 815 2557 ποτε
837 2495 897 2557 τοῦ
912 2488 1127 2581 σακεσφόρου
1145 2488 1229 2577 μήτε
1252 2483 1372 2578 άρνσν-
1454 2552 1457 2556 ,

243 2591 345 2673 μένου
368 2595 461 2683 δῶρα
482 2593 650 2674 δέξασθαι
676 2596 770 2684 παρὰ
792 2596 960 2679 βασιλέως
985 2592 1150 2685 ψήφισμά
1173 2619 1210 2661 τε
1232 2589 1374 2684 γράφειν

245 2694 433 2780 φάσκοντος
448 2690 521 2763 άντὶ
542 2700 608 2762 τῶν
623 2697 716 2764 ἐννέα
740 2692 908 2786 ἀρχόντων
927 2702 1197 2788 χειροτονεῖσθαι
1218 2691 1289 2762 κατ’
1305 2690 1372 2759 ἐνι-

186 2866 189 2871 ,
245 2799 345 2865 αυτόν
373 2799 467 2868 ε’ννὲα
503 2803 662 2891 πρέσβεις
701 2802 787 2890 πρός
822 2803 966 2886 βασιλέα
1003 2805 1069 2867 ταῖν
1099 2803 1285 2890 δημοτικῶν
1317 2797 1374 2864 καί

247 2900 406 2992 πενήτων,
431 2901 525 2983 ὅπως
548 2902 774 2989 λαμβάνοντες
795 2900 984 2994 εὐπορῶσιν
996 2943 1040 2955 -
1054 2903 1209 2992 ε’χέλασεν
1225 2898 1243 2970 ό
1260 2905 1372 2991 δῆμος.

158 3070 162 3075 ,
245 3008 369 3074 Similia
390 3011 612 3075 commemorat
631 3011 812 3076 Athenaeus
827 3012 884 3088 Vl,
907 3032 936 3096 p.
954 3000 1016 3076 '229
1034 3012 1067 3075 et
1088 3011 1167 3075 libro
1182 3011 1236 3087 VI,
1257 3031 1286 3092 p.
1299 3007 1372 3081 251,

246 3112 333 3203 addit
354 3114 458 3176 autem
479 3114 547 3178 loco
568 3116 683 3198 priore:
711 3111 899 3197 „ilooprcltro
924 3111 953 3178 δ’
976 3109 1079 3199 ἔγωγε
1101 3115 1166 3179 τῶν
1183 3106 1374 3198 Ἀθηναίων

247 3218 319 3292 πῶς
333 3218 450 3281 τοῦτον
463 3216 524 3298 μὲν
544 3209 679 3303 άκριτον
696 3212 823 3293 είάσαν,
845 3215 1007 3301 Δημάδην
1020 3215 1056 3282 δὲ
1073 3214 1093 3281 ι’
1107 3210 1286 3291 ταλάντοις
1302 3210 1375 3296 ἐζη-

246 3315 386 3399 μίωσαν,
411 3315 464 3384 ότι
480 3319 562 3385 θεὸν
579 3314 777 3406 εἰσηγήσατο
800 3312 1019 3405 Ἀλέξανδρον
1036 3320 1094 3382 eto.
1131 3319 1264 3382 Miratur
1280 3318 1375 3381 etiam

247 3424 425 3490 Dindorfius
446 3426 477 3490 id
500 3426 562 3490 dici
584 3445 602 3489 a
623 3425 792 3489 Plutarcho
821 3443 892 3487 cum
913 3424 1140 3488 Demosthenes
1170 3423 1318 3488 orationis
1339 3421 1377 3485 de

249 3528 329 3593 salsa
356 3529 513 3613 legatione
540 3529 578 3593 ad
607 3529 702 3592 finem
722 3528 824 3609 (XIX,
855 3529 873 3610 ἕ
896 3530 972 3612 279)
1000 3530 1082 3593 hunc
1110 3528 1286 3611 Epicratem
1316 3545 1377 3590 una

250 3653 321 3696 oum
341 3634 454 3698 ceteris
477 3633 591 3717 legatis
622 3632 722 3713 capite
746 3630 927 3696 damnatum
950 3652 1017 3697 esse
1039 3633 1156 3697 scribat
1184 3634 1222 3696 ab
1244 3630 1377 3696 Atheni·

251 3734 386 3798 ensibus.
429 3733 528 3797 Valde
550 3731 632 3795 inter
664 3749 697 3794 se
728 3731 784 3794 illa
814 3733 1000 3817 scriptorum
1029 3733 1213 3796 testimonia
1232 3730 1378 3795 differunt

250 3842 342 3923 atquo
364 3841 426 3904 nisi
448 3837 615 3903 statuimus
637 3836 733 3901 aliam
754 3856 821 3902 osse
843 3840 1033 3923 legationem
1050 3838 1087 3902 de
1108 3858 1168 3922 qua
1182 3837 1377 3911 Plutarchus,

251 3945 346 4009 aliam
375 3943 412 4007 de
443 3961 503 4024 qua
533 3941 759 4006 Demosthenes
789 3944 941 4027 loquatur,
975 3942 1025 4007 vix
1055 3960 1091 4006 ea
1118 3959 1208 4024 posse
1237 3938 1379 4021 componi

321 4142 547 4215 Dmpm

323 4238 351 4385 Ξλ
369 4233 599 4381 λλῗλισόόιηιιεεελ.
617 4319 722 4389 Lysiae.
751 4320 839 4387 capita
862 4317 915 4371 duo
940 4315 1084 4382 Gottingae
1107 4312 1175 4367 1869
1200 4323 1253 4379 pag
1272 4310 1296 4363 8.
1315 4305 1379 4362 Nie-

256 4408 367 4463 huhrius
384 4406 422 4459 ait
438 4403 614 4472 Xenophonte
632 4410 749 4477 peiorem
765 4409 848 4463 civem
866 4423 918 4461 non
938 4405 1063 4459 habuisse
1081 4404 1209 4458 Athenas.

324 4493 351 4557 4)
369 4490 402 4542 cf.
420 4489 464 4544 W.
481 4489 664 4549 Waohsmuth
684 4497 744 4550 hell.
765 4492 940 4548 Alterthmsk.
959 4490 982 4544 l.
1000 4492 1024 4544 2.
1044 4504 1070 4557 p.
1086 4488 1145 4544 280.
