3142 5036
660 304 873 365 -30—

208 466 275 548 ipsa
297 465 369 542 lite,
395 485 454 547 qua
476 465 654 548 implicatus
675 465 789 529 dicitur
808 465 905 530 fuisse
927 467 1050 530 constat
1071 486 1169 550 neque
1191 486 1339 550 umquam

208 568 372 631 constabit.
408 569 553 632 Praestat
569 569 665 651 igitur
687 587 798 632 nornen
820 569 967 633 mutilum
983 569 1016 633 in
1031 572 1151 634 tentum
1172 570 1339 654 recipere¹)

207 669 282 732 nota
310 668 501 751 corruptelae
532 668 745 751 designatum,
775 689 867 752 quam
896 671 929 733 in
954 670 1042 734 vanis
1070 671 1241 753 periclitari
1263 690 1338 735 con-

207 772 351 848 iecturis,
375 773 481 855 quales
501 774 624 837 exstant
646 773 869 857 compluresll,
893 776 1039 858 equibus
1060 777 1166 840 tamen
1188 777 1338 859 Stephani

107 897 112 906 ·
208 878 242 941 in
262 879 402 961 margine
423 870 697 966 Ὀνομασάνδροο
717 880 884 943 maximam
906 879 1028 944 videtur
1048 881 1161 944 habere
1181 880 1337 944 verisimi-

207 982 374 1045 litudinem
397 982 452 1046 cir.
475 983 591 1046 Reiske
613 983 699 1048 Orat.
719 1003 820 1066 graec.
843 985 880 1049 V.
903 1005 932 1067 p.
956 986 1058 1068 809⁸).

294 1086 313 1167 ξ
335 1087 366 1149 5.
410 1085 488 1150 (lum
510 1087 621 1168 Lysias
639 1086 853 1174 παράδειγμα
869 1091 940 1163 τοῖς
955 1079 1072 1164 ἄλλοις
1087 1081 1182 1151 ἔσται
1199 1085 1243 1170 μὴ
1258 1086 1337 1150 τολ-

207 1194 274 1275 μᾶν
297 1188 345 1269 εἷς
365 1186 453 1273 ὑμᾶς
476 1190 717 1279 ἐξαμαρτάνειν
742 1195 826 1260 dicat
855 1196 888 1259 in
909 1195 1135 1259 Nicomacheae
1164 1195 1201 1276 §o
1224 1195 1336 1271 XXIV,

208 1300 407 1363 vehementer
440 1300 594 1364 Batavum
629 1301 757 1365 offendit
786 1301 854 1378 illa,
890 1320 982 1383 quarn
1010 1302 1114 1383 putat,
1149 1301 1337 1382 ambiguitas

132 1431 138 1441 ·
208 1401 369 1464 verborum
397 1401 430 1464 in
460 1401 640 1483 Epicrates:
677 1396 771 1464 ἔσται
802 1398 1018 1487 παράδειγμα
1047 1402 1108 1464 sori
1135 1400 1180 1485 μὴ
1210 1397 1339 1464 ἀδικεῖν

207 1496 303 1581 ὑμᾶς.
332 1503 432 1576 Haec,
455 1501 572 1582 inquit,
595 1502 622 1563 si
644 1501 705 1564 alio
728 1501 795 1564 loco
809 1501 985 1583 legerentur
1000 1520 1079 1564 unus
1098 1500 1226 1582 quisque
1241 1497 1337 1562 intel·

208 1602 325 1684 legeret
340 1600 534 1683 „exemplum
550 1602 670 1663 vestrae
686 1600 910 1675 innocentiae“,
926 1619 996 1662 cum
1011 1616 1105 1662 nexus
1119 1598 1226 1661 doceat
1238 1595 1336 1678 sigui·

208 1703 296 1767 ficari
317 1722 375 1779 „ne
396 1722 451 1767 vos
474 1703 606 1766 audeant
628 1703 742 1766 iniuria
764 1702 915 1766 afficere.“
961 1702 1130 1766 Genetivus
1152 1700 1205 1764 ille
1224 1700 1337 1774 finalis,

210 1807 246 1868 ut
273 1807 391 1869 Batavo
419 1806 550 1882 videtur,
580 1806 640 1869 etsi
668 1806 823 1888 imprimis
853 1805 1050 1887 Thucydideo
1079 1805 1187 1887 generi
1215 1804 1338 1868 dicendi

210 1908 459 1972 accommodatus
475 1909 523 1971 est
531 1910 567 1989 ⁴),
583 1910 689 1971 tamen
704 1908 861 1972 invenitur
874 1909 906 1971 iu
920 1908 1032 1990 Lysiae
1047 1907 1195 1971 orationis
1211 1909 1337 1970 octavae

210 2014 247 2094 §o
269 2012 371 2076 XVII:
410 2003 502 2096 ᾤμην
524 2010 585 2096 γὰρ
609 2005 784 2088 ἀπόθετος
812 2005 889 2093 ὑμῖν
912 2001 998 2074 εἶναι
1028 2006 1128 2095 φίλος
1154 2012 1214 2072 τοῦ
1233 2008 1337 2091 μηδὲν

211 2110 353 2178 ἀκοῦσαι
375 2112 485 2178 κακόν.
523 2115 589 2192 Quo
609 2102 691 2191 loco,
714 2116 749 2178 ut
771 2116 816 2179 ait
831 2114 1055 2190 Franckenius,
1078 2108 1251 2188 ἀπόθετος
1266 2131 1336 2195 pro·
1383 2104 1388 2111 “

209 2218 335 2282 bibendi
357 2218 573 2300 complectitur
596 2217 866 2299 significationem.
899 2217 1004 2281 Simili
1025 2217 1129 2279 autem
1149 2215 1252 2289 modo,
1275 2233 1337 2277 non

209 2318 426 2408 παράδειγμα
448 2322 572 2404 quidem
586 2359 629 2367 -
645 2322 724 2405 quod
747 2340 800 2404 per
823 2341 855 2385 se
878 2321 1019 2403 deposuit
1038 2320 1192 2385 verbalem
1216 2319 1337 2402 siguifi-

209 2425 363 2489 cationom
379 2461 422 2469 -—
445 2424 497 2488 sed
522 2426 626 2488 tamen
649 2422 776 2487 ἔσται
799 2418 1014 2511 παράδειγμα
1038 2422 1079 2504 (si
1100 2424 1177 2486 haec
1199 2421 1337 2486 feceritis

210 2527 384 2610 eremplrun
411 2527 476 2591 illis
499 2527 690 2609 propositum
714 2525 788 2602 erit,
816 2525 979 2608 quominus
1001 2524 1130 2588 iniurias
1153 2525 1239 2589 vobis
1261 2523 1336 2587 affe·

209 2635 292 2716 rant)
317 2633 500 2716 praegnanti
532 2652 589 2695 usu
619 2651 673 2694 cur
704 2633 735 2694 et
767 2630 922 2694 verbalem
950 2631 981 2692 et
1008 2628 1189 2712 prohibendi
1214 2628 1336 2711 signifi-

210 2741 363 2804 cationem
386 2739 492 2819 utique
514 2757 576 2801 non
597 2738 769 2812 contineat,
799 2735 941 2818 equidem
963 2754 1024 2799 non
1046 2734 1144 2798 video.
1187 2733 1245 2798 Sed
1265 2733 1336 2796 infi-

210 2840 342 2903 nitivum
364 2837 455 2901 illum
481 2836 607 2900 finalem
630 2838 668 2901 ab
690 2839 749 2902 hoc
771 2839 838 2903 loco
858 2839 949 2922 plane
972 2839 1107 2902 alienum
1131 2856 1198 2901 esse
1226 2837 1336 2900 malim

210 2946 361 3020 statuere,
394 2961 490 3024 neque
519 2942 602 3005 enim
627 2941 781 3006 infinitivo
804 2935 930 3007 ἀδικεῖν
953 2944 1041 3006 tanta
1062 2942 1108 3007 vis
1130 2941 1262 3006 verbalis
1288 2943 1337 3004 est

208 3050 387 3123 tribuenda;
420 3049 564 3131 quoniam
595 3048 678 3111 enim
708 3047 881 3112 infinitivus
903 3067 973 3115 curu
1000 3046 1131 3110 articulo
1154 3045 1337 3109 coniunctus

210 3152 398 3219 substantivi
424 3152 523 3216 instar
555 3150 695 3233 usurpari
726 3151 805 3215 solet
817 3151 842 3231 5)
870 3150 996 3233 pendet,
1026 3149 1142 3231 opinor,
1172 3146 1248 3210 illud
1276 3147 1338 3209 rori

282 3364 308 3430 1)
328 3363 371 3416 Ita
386 3362 573 3417 Westermaun
591 3367 618 3415 et
636 3360 754 3415 Scheibe.

278 3450 305 3517 2)
325 3448 467 3517 Proposuit
486 3448 590 3501 Franz:
608 3447 816 3516 Ὀνομακλέοας.
837 3445 958 3500 Scheibio
976 3447 1063 3514 placet
1079 3444 1252 3521 Τιμαγόρου,
1265 3444 1336 3514 quod

210 3553 305 3592 nomen
323 3551 411 3591 rerum
435 3536 574 3589 memoriae
599 3533 739 3589 conveniat
761 3533 906 3589 secuudum
930 3535 1097 3589 Athenaeum
1124 3535 1162 3588 VI
1187 3552 1204 3603 p
1231 3535 1289 3590 251.
1308 3541 1336 3587 ot

210 3623 346 3678 Demosth.
365 3622 437 3676 XIX.
456 3623 470 3686 §
490 3621 548 3674 137.

278 3714 308 3780 3)
326 3712 384 3764 Hac
404 3711 431 3764 in
449 3713 487 3775 §o
507 3706 640 3765 ἁπάντων
658 3709 741 3765 deleri
758 3711 814 3764 vult
832 3709 970 3776 Dobreus,
997 3725 1028 3763 ac
1054 3711 1111 3765 iure
1129 3712 1248 3779 quidem,
1275 3726 1335 3765 narn

210 3816 305 3855 sensus
323 3799 396 3854 verbi
415 3795 548 3853 ducimur
567 3797 617 3851 hoc
635 3798 693 3853 loco
714 3805 754 3853 est
772 3799 879 3852 minime
897 3797 1038 3867 ferendus,
1064 3799 1109 3866 qui
1133 3801 1201 3855 enim
1219 3805 1281 3855 sunt
1298 3801 1336 3854 illi

210 3888 349 3953 ἅπαντεςῖ
384 3887 552 3956 Itaqueiam
576 3887 701 3942 Sclrottus
725 3889 838 3961 ἀμφοῖν
861 3887 964 3956 posuit,
999 3888 1070 3956 quod
1094 3889 1164 3942 burm
1193 3889 1220 3942 in
1249 3887 1335 3942 locum
1423 3886 1428 3892 ⁴

211 3977 309 4044 optime
327 3974 448 4043 quadrat.
484 3975 611 4029 Fortasse
629 3975 771 4043 simplicius
792 3980 833 4030 est
852 3973 967 4029 scribere
984 3975 1090 4044 αὐτῶν,
1116 3975 1187 4044 quod
1214 3976 1335 4031 Scheibio

209 4065 305 4133 placet.
333 4095 365 4104 -
401 4067 456 4118 Kal
473 4068 528 4119 τῶν
545 4060 645 4136 δώρων
669 4064 768 4118 eiciunt
785 4064 956 4118 Hallvertsma
980 4071 1006 4118 et
1024 4065 1227 4120 Herverdenius
1245 4066 1334 4132 (Anal.

144 4206 147 4210 A
208 4149 307 4216 Oritic).
336 4148 388 4202 Pro
406 4145 538 4203 τούτου
556 4150 586 4202 δὲ
608 4148 752 4202 Muellerus
764 4148 900 4219 (Beitrage
913 4164 962 4200 zur
974 4150 1064 4203 Kritik
1085 4149 1131 4203 dos
1149 4150 1257 4218 Lysias)
1278 4149 1334 4203 vult

211 4237 328 4292 scribere
346 4232 481 4292 τούτων
498 4239 528 4292 dl
548 4239 580 4292 cl.
598 4254 686 4307 progr.
706 4237 865 4302 Merseburg
885 4235 951 4292 1862
969 4254 995 4305 p.
1021 4240 1060 4293 13.

279 4327 307 4394 4)
327 4326 445 4395 Thucyd.
466 4326 506 4382 ed.
525 4327 648 4395 Knreger
664 4326 686 4393 1,
706 4327 730 4379 4.
749 4325 839 4379 Dobro
860 4331 885 4377 et
911 4326 1012 4380 Arnold
1035 4327 1068 4379 ad
1093 4327 1175 4381 Tlruc.
1200 4327 1232 4382 Π.
1257 4327 1281 4380 4.
1300 4326 1334 4381 cf.

212 4413 343 4480 Kruegeri
361 4414 450 4467 (tram.
468 4429 564 4480 graeca
581 4417 595 4480 ξ
613 4415 655 4470 47.
674 4416 716 4469 22.
734 4417 758 4469 2.

277 4498 308 4563 ’5)
328 4498 459 4565 Krnegori
477 4501 566 4553 Graiu.
586 4514 671 4565 graec.
691 4501 705 4563 ξ
723 4499 766 4562 ivl),
787 4499 812 4550 b.
