3142 5036
665 241 858 303 ..7.-

204 402 315 467 tentiis
338 406 472 488 undique
493 405 633 471 collectis
655 408 852 491 argumenta,
881 406 990 490 quibus
1014 406 1063 470 illi
1085 407 1147 470 nisi
1170 409 1258 482 sunt,
1282 426 1333 468 ex·

204 512 317 591 ponam
337 529 374 572 ac
397 509 584 587 uindicate,
612 511 666 574 sed
694 510 739 575 ita
761 511 867 575 tamen
889 510 1055 577 instituam
1081 509 1332 592 disputationem,

206 614 241 676 ut
260 613 403 677 libellum
417 613 515 677 illum
529 615 715 679 Franckenii
733 615 822 698 quasi
844 613 1081 678 fundamentum
1098 612 1242 696 opusculo
1265 630 1333 675 mec

206 717 405 800 subinngam,
427 737 466 781 ne
489 718 522 782 in
537 718 703 782 uberrimis
726 718 838 782 dehac
857 717 996 782 eratione
1015 717 1233 782 controversiis
1254 715 1333 778 ratic

206 841 256 901 me
278 822 427 905 quaedam
449 842 486 886 ac
506 823 558 887 via
575 815 753 906 disputandi
776 823 910 889 deficiat.
952 824 1055 906 Atque
1073 825 1109 888 ut
1128 825 1165 889 ab
1185 821 1333 888 erationis

205 927 386 1009 argumento
407 928 474 991 tcta
488 926 702 1010 proficiscatur
717 928 895 1011 disputatis,
918 930 1019 1012 capite
1038 929 1138 1011 pricre
1153 929 1191 992 de
1205 945 1334 1011 persona

206 1028 360 1111 Epicratis
390 1029 470 1092 mihi
500 1028 654 1111 agendum
685 1030 761 1093 erit:
792 1049 850 1112 quc
867 1049 952 1119 'quae
980 1031 1017 1095 de
1046 1031 1111 1094 vita
1133 1031 1165 1094 et
1186 1031 1333 1110 tempere,

205 1128 360 1210 imprimis
380 1128 417 1191 de
440 1128 635 1192 accusatione
658 1128 725 1193 eius
744 1129 776 1192 et
797 1148 815 1192 a
831 1129 987 1193 veteribus
1003 1128 1204 1211 scriptoribus
1220 1124 1334 1190 tradita

206 1232 239 1295 et
255 1249 273 1294 a
286 1230 510 1294 recentioribus
520 1230 643 1295 criticis
660 1232 800 1296 coniecta
816 1233 903 1309 sunt,
923 1233 1051 1297 afferam
1066 1228 1333 1316 atqueindagabc.

206 1334 314 1421 Altero
338 1333 446 1398 deinde
468 1335 568 1418 capite
598 1335 635 1400 de
663 1336 754 1419 ipsa
784 1337 898 1419 Lysiae
928 1338 1066 1402 eratione
1088 1336 1195 1400 critice
1217 1333 1333 1397 existu-

207 1424 355 1498 mandnm
380 1436 453 1511 erit,
490 1456 564 1499 num
596 1437 721 1501 omnine
750 1437 878 1515 rationi,
916 1457 976 1521 qua
1005 1438 1116 1521 Lysias
1144 1437 1176 1499 in
1207 1429 1334 1496 dicende

207 1540 286 1604 sciet
306 1540 368 1617 uti,
391 1541 554 1605 convenire
575 1541 724 1621 videatur,
755 1562 830 1605 num
853 1561 870 1617 e
890 1543 1031 1626 pluribus
1054 1539 1239 1625 fragmentis
1260 1553 1334 1598 ccn-

205 1643 279 1706 flata
305 1643 361 1721 sit,
391 1644 522 1727 denique
552 1665 627 1708 num
656 1641 816 1726 ἐπίλογος
846 1646 903 1725 sit,
937 1667 976 1711 an
1005 1666 1060 1730 pro
1088 1645 1193 1727 aliqua
1223 1634 1335 1722 prieris

205 1740 354 1804 orationis
376 1743 463 1824 parte
485 1742 589 1826 potius
612 1744 719 1808 haberi
741 1744 861 1809 debeat.
