3142 5036
654 272 866 333 ..31-

194 431 323 503 ἀδικεῖν
345 440 445 504 veluti
474 439 637 522 genetivus
668 439 856 503 substantivi
886 457 902 501 e
931 438 1079 502 vocabulo
1110 435 1324 527 παράδειγμα

194 540 244 603 ita
265 541 404 623 quidem,
435 540 471 603 ut
496 539 622 603 finalem
652 539 718 603 eius
747 538 906 602 notionem
934 537 987 600 bio
1015 555 1106 601 nemo
1134 537 1323 602 desiderarit

195 642 326 706 Vertam
350 644 455 707 autem
486 644 561 706 haec
583 642 690 717 verba,
721 642 781 705 etsi
810 642 1042 706 accuratissime
1066 659 1101 705 oa
1123 643 1327 706 transvertere

196 747 233 810 in
253 765 426 811 sermonem
446 747 581 811 latinum
603 765 664 810 non
686 746 776 810 licet:
807 747 888 823 „erit
909 747 1083 829 exemplum
1103 746 1140 810 do
1159 748 1273 811 iniuria
1295 749 1327 812 in

197 872 255 918 vos
279 853 473 918 commissa.“
503 854 584 918 Nam
607 872 697 918 nemo
719 854 871 918 terramm
893 854 971 918 illud
994 847 1092 934 ὑμᾶς,
1117 857 1154 919 ut
1173 856 1327 920 Francke-

198 957 285 1032 nius‚
305 957 516 1021 accusativum
533 957 666 1022 subiecti
682 975 750 1021 esse
764 958 896 1033 statuat,
916 977 988 1021 cum
1005 977 1085 1021 nexu
1099 958 1197 1022 totius
1211 960 1329 1042 periodi

198 1058 354 1141 imprimis
377 1058 524 1122 extremis
545 1057 648 1122 verbis
671 1052 795 1133 πάντες
818 1054 1005 1122 παύσονται
1023 1055 1266 1144 ἐπιχειροῦντες
1282 1059 1329 1137 εἰς

196 1155 286 1244 ὑμᾶς
299 1157 550 1249 ἐξαμαρτάνειν,
568 1162 641 1245 quid
654 1163 757 1227 orator
769 1162 830 1227 sibi
844 1162 937 1239 velit,
953 1163 1030 1227 satis
1043 1163 1160 1246 liquido
1174 1168 1327 1248 appareat.

199 1265 289 1344 Quod
311 1268 415 1329 autem
438 1266 471 1329 in
493 1266 702 1330 Nicomachea
722 1266 799 1330 haec
822 1266 978 1331 sententia
999 1265 1090 1330 aliter
1117 1285 1259 1349 expressa
1280 1271 1328 1333 est

197 1365 246 1451 μη
269 1366 395 1448 τολμάν
418 1361 466 1442 εἷς
487 1360 573 1447 ὑμᾶς
594 1363 845 1453 ἐξαμαρτάνειν,
876 1367 982 1430 tamen
1003 1385 1053 1429 me
1075 1366 1199 1448 quidem
1225 1368 1327 1431 iudice

199 1471 294 1535 verba
306 1471 485 1553 Epicrateae
502 1490 563 1535 non
578 1471 730 1535 deteriora
744 1472 830 1547 sunt,
853 1491 924 1535 cum
940 1472 1177 1554 ambiguitatem
1193 1472 1327 1554 aliquam

198 1577 336 1640 maxima
359 1576 534 1640 subtilitate
557 1575 717 1640 enucleare
738 1577 854 1658 possis,
885 1576 964 1660 quod
986 1576 1138 1641 iudicibus
1160 1575 1215 1640 illa
1237 1580 1329 1643 verba

199 1680 398 1744 audientibus
419 1698 575 1760 nunquam
599 1681 682 1742 certe
708 1679 742 1742 in
763 1681 900 1743 mentem
924 1680 1010 1743 vonit
1031 1680 1052 1760 ).

290 1782 359 1863 §a
392 1779 502 1867 Μέρει
532 1782 597 1843 τῶν
620 1773 834 1864 ἀδικημάτων
863 1778 920 1843 τδν
943 1776 1094 1844 κίνδυνον
1121 1775 1329 1868 ἐξεπρίαντο.

201 1886 267 1950 Hic
288 1885 498 1949 Franckenius
521 1885 553 1948 in
577 1885 693 1968 tropico
716 1904 773 1948 usu
795 1885 937 1950 vocabuli
959 1880 1108 1969 ἀδίκημα
1138 1876 1253 1951 haeret.
1292 1889 1328 1952 ln

200 1989 315 2071 Lysiae
338 1989 528 2054 orationibus
549 1988 628 2051 illud
644 1983 791 2072 ἀδίκημα
815 1988 861 2051 sic
883 1989 1063 2070 usmpatum
1082 2008 1136 2071 pro
1152 1986 1329 2074 χρημάτων

200 2084 327 2166 ἀδίκως
355 2090 561 2174 κεκτημένων
593 2108 652 2153 non
681 2089 821 2153 invenies
852 2089 913 2152 nisi
943 2089 975 2152 in
999 2089 1148 2153 orationis
1170 2091 1258 2155 XVII
1280 2092 1328 2156 in-

201 2194 372 2276 scriptione
402 2193 567 2257 admodum
597 2195 755 2277 suspecta:
787 2191 873 2278 Περὶ
905 2188 1074 2277 δημοσίων
1104 2185 1328 2274 ἀδικημάτων.

204 2297 370 2360 Praeterea
389 2297 534 2360 similiter
557 2296 730 2360 adhibitum
753 2295 832 2378 apud
848 2294 1012 2360 Platonem
1032 2296 1109 2360 illud
1131 2296 1180 2361 bis
1202 2315 1258 2379 ego
1280 2317 1329 2361 re·

204 2402 318 2485 portu.
360 2401 442 2466 Mira
463 2402 546 2465 certe
568 2400 713 2487 loquendi
735 2402 784 2464 est
803 2401 956 2477 brevitas,
986 2394 1078 2483 quam
1101 2401 1180 2484 apud
1202 2404 1329 2484 Lysiam

174 2584 178 2591 Ι
205 2507 337 2571 minime
367 2506 525 2572 ferendam
559 2508 635 2570 esse·
657 2506 798 2571 arbitror.
843 2507 1051 2588 Reperiuntur
1089 2507 1211 2590 quidem
1250 2508 1329 2590 apud

201 2610 294 2675 illum
324 2611 478 2675 interdum
517 2611 665 2676 vocabula
702 2612 819 2694 tropice
853 2611 1042 2695 adhibita⁸)‚
1078 2611 1132 2675 sed
1161 2610 1238 2674 illud
1266 2614 1330 2676 τῶν

204 2709 420 2800 ἀδικημάτων
441 2716 554 2799 Lysiae
577 2718 737 2800 tamquam
759 2716 1000 2781 avidacissimum
1021 2718 1072 2781 vix
1094 2735 1151 2801 ego
1173 2716 1330 2804 vindicare
1426 2751 1430 2754 >

203 2819 315 2883 ausim.
354 2819 588 2901 Foertschius⁴l
611 2839 671 2884 non
694 2820 825 2896 dubitat,
846 2821 920 2903 quin
941 2821 1053 2903 Lysias
1073 2821 1248 2903 scripserit:
1264 2823 1330 2886 τῶν

204 2919 329 2987 ἀδίκων
343 2922 518 3010 χρημάτων
539 2944 609 2988 cum
624 2926 750 2988 moneat
772 2925 923 2988 facillime
947 2944 963 2988 e
985 2926 1087 2991 verbis
1110 2921 1234 2989 ἀδίκιον
1248 2948 1328 3012 χρη-

201 3023 318 3111 μάτων
346 3047 400 3111 per
428 3027 643 3111 compendium
681 3027 804 3110 scriptis
842 3022 1054 3112 ἀδικημάτων
1087 3030 1156 3093 fieri
1183 3029 1330 3113 potuisse.

203 3132 324 3196 Attulit
346 3132 484 3195 similem
507 3148 625 3213 quoque
645 3130 909 3205 emendationem,
939 3148 1031 3211 quam
1065 3130 1223 3195 Bekkems
1245 3148 1329 3194 rece-

205 3235 271 3317 pit:
295 3236 354 3311 „in
374 3234 575 3316 inscriptione
596 3233 652 3297 illa
674 3251 716 3297 or.
738 3232 827 3296 XVlI
844 3233 937 3295 verba
965 3232 1029 3294 τῶν
1058 3228 1227 3314 δημοσίων
1256 3225 1331 3295 ἀδι-

205 3334 359 3423 κημάτων
382 3339 565 3403 Marklando
586 3339 617 3401 ot
640 3337 771 3419 Tayloro
785 3338 809 3420 ⁵)
842 3338 985 3420 suspecta
1006 3336 1165 3412 videntur,
1197 3337 1329 3402 fortasse

205 3441 301 3504 otiam
321 3442 376 3506 illo
399 3441 466 3507 loco
490 3442 552 3504 τῶν
575 3434 698 3504 ἀδίκων
718 3434 896 3527 χρημάτων
918 3441 1051 3504 scribere
1073 3441 1240 3522 praestat.“
1270 3440 1329 3504 Sed

206 3547 311 3610 tamen
333 3547 537 3629 reputandum
564 3547 612 3610 est
641 3543 737 3608 etiam
766 3547 829 3608 τῶν
859 3536 983 3608 ἀδίκων
1009 3538 1187 3630 χρημάτων
1215 3543 1331 3625 tropice

279 3777 306 3843 1)
326 3773 449 3829 Dobreus
467 3773 524 3828 vult
544 3790 593 3841 pro
616 3776 680 3828 τοῦ
698 3772 806 3827 ἀδικεῖν
825 3802 857 3811 -
877 3769 912 3826 τδ
933 3771 1049 3827 ἀδικεῖν.
1068 3770 1120 3824 Pro
1138 3769 1201 3833 τούς
1218 3767 1331 3840 πάντας,

207 3858 279 3926 qvvod
296 3857 353 3914 cod.
375 3858 408 3913 X.
428 3858 545 3925 exhibet,
566 3874 632 3926 opus
651 3864 692 3913 est
710 3857 787 3911 scribi
805 3854 867 3912 τότε
884 3855 993 3919 πάντες.

278 3947 305 4013 2)
323 3948 401 4003 Plato
421 3945 455 4000 cle
472 3946 540 4013 legg.
555 3946 581 3998 X
598 3946 649 3998 906
669 3944 695 3999 d.
715 3948 767 3998 elul
785 3940 984 4016 συγγνώμονες
1001 3945 1045 4000 ἀεὶ
1062 3949 1125 4001 θεοὶ
1145 3953 1201 4007 τοῖς
1217 3945 1332 4022 ἀνθρώ-

207 4053 269 4088 πων
293 4035 401 4095 άδίκοις
423 4037 469 4088 καὶ
494 4032 653 4100 ἀδικοῦσιν,
682 4026 719 4085 άν
741 4030 834 4091 αὐτοῖς
857 4035 913 4087 τῶν
939 4029 1119 4106 ἀδικημάτων
1142 4054 1181 4094 τις
1204 4034 1333 4108 ἀπονέμῃ

209 4118 337 4196 καθάπερ
357 4127 381 4177 εἰ
399 4125 463 4176 κυσὶ
481 4117 559 4175 λάκοι
583 4124 640 4175 ταῖν
664 4115 859 4192 ἁρπασμάτων
878 4117 983 4194 σμιρκά
1008 4120 1187 4188 ἀπονέμοιεν.
1212 4120 1281 4173 Plat.
1299 4120 1333 4171 de

208 4224 262 4277 rep,
273 4210 299 4264 Π
313 4212 364 4267 363
377 4210 409 4265 Ε.
426 4210 502 4278 (alias
521 4208 573 4265 364
589 4209 639 4276 B):
658 4206 803 4274 ἀδικητέον
817 4209 865 4260 καὶ
881 4213 983 4263 δοτέον
997 4207 1054 4262 ἀπὸ
1073 4213 1129 4262 ταῖν
1145 4206 1333 4280 ἀδικημάτων.

277 4297 304 4363 3)
325 4295 411 4349 Blass.
432 4293 526 4348 Gesch.
547 4298 595 4347 att.
614 4290 756 4345 Boredtsk.
778 4305 839 4359 pag.
852 4290 913 4345 401.

277 4384 304 4450 4)
326 4381 518 4437 commentatio
537 4380 628 4433 critica
646 4385 696 4435 etc.
715 4377 824 4447 Lipsiae
842 4395 867 4447 p.
886 4382 928 4434 26.

277 4473 304 4541 5)
323 4474 358 4526 Ηί
376 4472 424 4526 viri
445 4476 596 4538 proponunt
613 4472 758 4541 δημοσίων
776 4466 934 4544 τρημάτων.
