3142 5036
685 262 896 324 ....4’Ῑ,.

230 454 327 517 neque
343 437 409 517 ipso
423 433 634 497 Franckenius
649 431 790 515 populari
807 449 861 493 suo
876 431 935 492 bac
951 428 984 490 in
1002 446 1035 490 re
1053 428 1199 491 assentiri
1221 429 1354 511 potest)

228 539 398 602 Hamakeri
413 537 620 601 coniecturam
635 535 750 617 partim
764 533 892 616 probare
906 550 1013 595 rursus
1028 532 1156 595 cenatus
1173 533 1221 594 est
1232 532 1362 597 Walter.

229 641 415 722 Parovius2)
438 637 491 702 sed
513 655 622 721 parum
644 635 851 719 probabilem,
881 636 917 697 ut
938 634 1171 709 demonstrabo,
1195 652 1362 715 argumen-

230 743 319 805 tandi
341 742 494 805 rationem
517 741 666 804 instituit.
701 775 744 784 -
789 739 848 803 Sed
870 737 994 801 iamed
1016 737 1116 819 ipsam
1139 738 1220 800 inter
1241 739 1361 802 Hama-

230 846 339 910 kerum
361 864 396 909 ac
410 844 590 910 Scheibium
613 844 870 909 controversiam!
894 842 942 906 ric
957 841 1238 924 primumquidem
1254 840 1361 906 Schei-

231 952 302 1016 bius
323 951 442 1015 Batavo
473 950 551 1013 satis
576 948 690 1012 tribuit
720 948 846 1012 honoris
876 965 946 1009 cum
977 945 1179 1027 sagacissime
1209 945 1265 1009 illa
1295 964 1362 1010 esse

231 1053 379 1136 exputata
399 1071 434 1116 11
465 1052 640 1135 conquisita
668 1052 697 1114 ei
723 1051 883 1133 largiatur,
913 1039 1028 1132 neque
1044 1051 1163 1126 tamen,
1194 1051 1302 1133 opinor
1324 1052 1362 1115 ad

230 1153 476 1235 persuadendum
498 1151 692 1217 validissima
714 1153 795 1215 sunt.
828 1150 954 1213 Etenim
976 1151 1212 1233 unumquodque
1235 1151 1360 1216 illorum

233 1260 486 1341 argrnnentcrum
508 1256 692 1322 labefactari
713 1276 803 1341 posse
825 1257 1008 1321 videbimus.
1036 1258 1078 1321 Ut
1101 1258 1184 1321 enim
1207 1260 1361 1335 omittam,

233 1380 311 1442 quae
333 1362 397 1424 iam
415 1360 576 1425 Scheibins
595 1362 636 1443 (p.
653 1362 707 1442 96)
728 1344 905 1424 Hamalrero
928 1360 1088 1443 opposuit:
1112 1362 1274 1443 utrobique
1294 1381 1362 1426 ora-

231 1461 327 1524 tionis
344 1460 444 1523 scelus
455 1453 601 1543 ἀδίκημα
612 1461 643 1523 11
655 1461 747 1523 verbo
756 1453 880 1524 ἀδικεῖν
890 1459 1070 1541 significari,
1084 1462 1247 1544 utrobique
1257 1464 1362 1545 publi-

233 1585 286 1629 cas
307 1565 454 1648 pecunias
476 1583 544 1629 reos
567 1564 686 1653 furatos
709 1582 777 1628 esse
800 1563 875 1640 dici,
898 1564 1060 1646 utrobique
1084 1564 1214 1647 denique
1229 1568 1362 1630 mortem

232 1691 366 1756 poenam
384 1672 536 1755 postulari
550 1708 592 1716 -
605 1672 663 1735 hoc
684 1672 766 1734 certe
788 1672 888 1734 totam
902 1671 991 1734 illam
1006 1672 1215 1736 coniecturam
1237 1691 1362 1753 prorsus

233 1777 473 1858 improbabilem
495 1773 611 1849 reddit,
641 1772 721 1855 quod
744 1772 906 1837 Scheibius
929 1773 1029 1836 obiter
1050 1774 1113 1837 iam
1136 1774 1261 1856 attigit:
1286 1774 1363 1837 Curn

239 1881 304 1943 iarn
335 1899 373 1942 ne
393 1879 559 1942 minimam
580 1876 703 1959 quidem
726 1875 976 1958 probabilitatem
999 1878 1129 1955 habeat,
1150 1878 1293 1941 librarios
1316 1878 1366 1941 vel

233 1984 457 2066 grammaticos
480 1981 654 2045 orationum
676 1981 781 2063 partes
803 1980 849 2043 ita
871 1980 1059 2062 disposuisse
1075 2001 1174 2064 neque
1190 2001 1263 2046 casu
1287 2002 1363 2065 quo-

234 2088 306 2151 dam
329 2089 406 2152 satis
427 2086 558 2149 mirifico
582 2103 634 2149 eas
657 2103 725 2148 esse
749 2085 929 2166 segregatas
950 2085 1120 2149 verisimile
1144 2087 1195 2162 sit,
1219 2105 1364 2169 quaeram

235 2210 272 2254 er
292 2191 477 2266 Hamalrero,
501 2190 582 2252 unde
604 2208 639 2252 11
662 2207 715 2252 cur
731 2189 855 2252 omnino
877 2190 1113 2265 consarcinator,
1138 2209 1229 2272 quem
1242 2192 1363 2267 statuit,

234 2314 333 2379 pauca
354 2295 411 2358 illa
430 2296 531 2371 verba,
549 2312 625 2376 quae
649 2294 740 2357 initio
762 2293 792 2375 §i
814 2293 933 2375 primae
955 2292 1110 2375 leguntur,
1128 2294 1280 2358 addiderit
1294 2314 1364 2359 cum

236 2399 274 2462 de
299 2398 454 2480 legatione
476 2399 509 2461 in
531 2397 651 2479 reliqua
673 2398 760 2479 parte
782 2398 886 2473 illius,
918 2416 1009 2480 quam
1032 2400 1138 2480 putat,
1166 2400 1278 2481 prioris
1301 2400 1365 2463 fra-

235 2501 357 2585 gmenti
379 2519 417 2563 ne
439 2501 567 2564 verbum
590 2498 714 2581 quidem
736 2499 920 2562 inveniatur.
945 2498 1004 2562 Sed
1028 2500 1106 2581 quid.
1122 2499 1235 2581 plura?
1264 2499 1365 2562 Thec-

236 2605 328 2668 dorus
350 2604 454 2667 nescio
477 2604 545 2686 quis
573 2603 725 2684 interpres
747 2603 839 2667 verba
866 2604 958 2676 „miv
983 2605 1292 2689 11111111111111111(ί
1315 2604 1365 2665 in-

237 2710 401 2793 scriptioni
422 2710 559 2785 addidit,
579 2729 649 2774 curn
671 2710 730 2773 hcc
751 2709 833 2772 idem
855 2708 1004 2772 iudicium
1024 2727 1095 2798 esse
1119 2710 1178 2774 sibi
1199 2709 1363 2790 persuade-

237 2817 295 2892 ret,
318 2834 377 2897 quo
400 2815 576 2896 Epicratem
600 2814 752 2896 quondam
772 2830 833 2878 una
857 2834 927 2877 curn
950 2813 1115 2895 legationis
1139 2813 1231 2877 111111
1251 2814 1365 2895 capitis

238 2921 418 2984 damnatum
448 2939 515 2983 1111
538 2922 766 2983 Demosthenes
788 2919 901 2983 narrat.
953 2919 1062 3000 Itaque
1092 2918 1210 2981 factum
1237 2919 1301 2993 est,
1331 2919 1367 2980 ut

237 3021 330 3085 verba
352 3023 415 3083 τῶν
439 3022 715 3103 συμπρεσβευιιῦν
742 3021 775 3083 11
804 3022 906 3103 ipsum
938 3021 1087 3087 orationis
1110 3020 1267 3084 exordium
1289 3020 1365 3083 irre-

237 3127 354 3208 perent.
400 3123 518 3201 Quibus
541 3139 558 3184 e
579 3122 690 3197 verbis,
712 3141 781 3184 curn
805 3124 912 3206 utique
943 3123 1007 3185 sint
1035 3122 1166 3198 falsarii,
1189 3122 1364 3186 coniectura

240 3228 364 3291 omnine
388 3226 455 3288 fieri
478 3224 594 3306 nequit.
626 3224 693 3287 lam
715 3244 796 3301 vero,
814 3226 940 3290 etiamsi
961 3225 1136 3288 Hamakerc
1158 3225 1367 3289 coniecturam

239 3332 356 3393 rectam
380 3346 447 3392 esse
467 3327 645 3408 largiamur,
659 3345 697 3389 ne
720 3347 851 3393 conexus
874 3330 998 3411 quidem
1018 3329 1095 3393 satis
1118 3329 1247 3394 idoneus
1267 3330 1366 3393 inter·
1461 3362 1464 3377 ·

240 3433 323 3497 cedit
344 3433 427 3496 inter
449 3425 673 3515 κατηγόρηται
694 3429 754 3508 μὲν
768 3421 794 3493 ὦ
810 3424 928 3515 ἄνδρες
944 3425 1125 3517 Ἀθηναῖοι
1146 3426 1366 3520 Ἐπικράτους

240 3530 337 3596 ἱκανὰ
365 3531 421 3596 καὶ
448 3533 512 3593 τῶν
543 3531 821 3614 συμπρεσβευτῶν
853 3534 945 3614 atque
978 3535 1047 3607 πῶς
1077 3528 1139 3619 γάρ
1171 3531 1257 3614 κτλ.;
1290 3550 1367 3614 quae

241 3639 334 3702 verba
355 3639 460 3700 tamen
483 3636 565 3698 inter
587 3651 654 3699 sese
677 3634 838 3697 cohaerere
859 3636 997 3701 Batavus
1018 3640 1125 3720 putat;
1149 3638 1202 3702 sed
1225 3657 1302 3720 qnae
1325 3639 1368 3702 sit

242 3743 324 3805 inter
343 3742 399 3805 illa
421 3740 596 3804 coniunctio
625 3756 681 3802 nos
711 3756 772 3801 non
801 3738 924 3802 edocuit
952 3759 1066 3823 neque,
1097 3743 1203 3819 credo,
1232 3763 1366 3826 unquam

141 3830 148 3839 ’
242 3843 368 3906 edocere
392 3841 528 3924 poterit!
573 3839 707 3904 Omnino
742 3839 864 3900 tantum
894 3839 997 3917 abest,
1034 3844 1070 3905 ut
1105 3842 1161 3906 illa
1192 3845 1367 3908 coniectura

242 3964 345 4008 rerurn
370 3945 585 4026 rationumque
607 3960 739 4007 conexus
761 3941 871 4004 melior
892 3942 964 4018 fiat,
995 3948 1030 4007 ut
1056 3947 1123 4010 tota
1150 3947 1187 4010 de
1213 3950 1271 4011 hac
1292 3949 1369 4030 Epi-

229 4048 347 4122 ,cratea
369 4046 508 4128 quaestio
529 4047 594 4109 tam
617 4045 756 4109 contorta
783 4062 818 4106 11
839 4043 977 4108 difficilis
999 4046 1067 4124 fiat,
1099 4067 1192 4129 quam
1219 4051 1270 4114 vix
1292 4069 1367 4113 enu-

252 4210 454 4217 --......—-.--

313 4317 339 4381 1)
359 4313 598 4368 Commentationes
617 4314 746 4384 Lysiacae
763 4332 781 4384 p
811 4317 870 4371 202.

311 4401 339 4465 2)
356 4401 397 4455 De
415 4400 542 4454 orationis
559 4417 628 4468 quae
646 4402 716 4457 inter
734 4401 867 4474 Lysiacae¹
880 4402 965 4455 1111111
988 4401 1090 4453 obtinet
1109 4402 1258 4457 vicesimum
1279 4405 1364 4457 forma

245 4489 271 4535 et
290 4491 405 4537 11111111...
424 4482 499 4534 Η1111
518 4483 592 4537 1869.
612 4485 683 4538 Diss.
702 4486 792 4551 tranq.
