3142 5036
649 332 776 412 -00
819 370 861 379 ..,

192 489 357 572 πολλάκις
380 490 543 581 ἠκούσατε
566 497 720 561 iudicibus
743 500 846 563 orator
873 501 905 562 in
928 502 1065 564 mentem
1087 505 1318 581 1·evocat‚‚reos

192 614 280 679 saepe
288 595 436 681 populum
451 597 489 662 ad
503 598 582 663 bona
592 601 779 682 publicanda
793 602 971 666 adhortatae
984 622 1060 680 esse,
1074 624 1113 668 ne
1130 607 1318 688 stipendium

190 701 343 779 deficeret,
366 721 402 766 ac
422 705 526 766 tamen
547 705 631 788 ipsos
653 725 722 771 reos
743 708 883 789 publicas
904 709 1050 790 pecunias
1073 729 1140 774 esse
1163 709 1315 777 furatos.“

190 802 299 867 Nonne
322 805 381 868 hoc
402 805 548 869 adrem?
592 807 672 870 'lum
702 809 729 872 si
758 810 852 874 amici
881 811 1082 894 popularesve
1115 832 1237 899 reorum
1267 816 1316 879 iu-

190 905 274 969 dices
295 906 438 989 precibus
462 907 592 985 adeunt,
621 909 694 991 quid
723 911 781 975 hcc
804 912 950 996 impedit,
978 933 1037 996 quo
1058 915 1163 979 minus
1189 917 1250 1000 ipsi
1271 919 1317 982 rei

190 1011 282 1073 antea
303 1011 415 1076 minati
438 1010 503 1076 sint
525 1012 712 1095 stipendium
735 1016 848 1098 populo
867 1035 935 1081 0000
956 1016 1160 1084 defuturum?
1181 1020 1315 1086 Omnem

187 1111 220 1175 in
248 1113 374 1177 Parovii
398 1117 667 1196 argumentatione
703 1117 842 1183 desidere
873 1139 1021 1185 conexum
1056 1141 1112 1186 nec
1149 1122 1316 1206 quidquam

187 1215 291 1280 verbis
315 1216 380 1280 illis
402 1217 618 1300 paucissimis,
642 1237 719 1302 quae
746 1219 888 1285 Scheibio
920 1223 1063 1306 opposuit
1085 1224 1127 1307 (p.
1150 1224 1221 1307 43),
1244 1241 1315 1286 eum

187 1316 415 1383 demonstrasse
429 1321 545 1403 opiner.
589 1320 625 1386 Si
646 1323 751 1386 tamen
767 1324 962 1389 Hamakerus
985 1327 1038 1404 „in
1057 1328 1115 1391 hoc
1138 1327 1220 1391 malo
1244 1345 1315 1391 sen-

188 1422 357 1487 tentiarum
381 1441 496 1489 conexu
518 1427 549 1508 §i
573 1428 601 1491 1.
622 1446 688 1491 sese
711 1430 904 1512 acquiescere
926 1449 988 1495 non
1009 1438 1119 1514 posse“
1142 1431 1315 1509 confitetur,

187 1547 298 1593 moneo
329 1530 496 1594 transitum
525 1550 587 1595 non
616 1532 791 1614 elegantem
821 1535 945 1617 quidem
976 1536 1029 1600 sed
1060 1537 1167 1600 tamen
1196 1536 1315 1618 perspi-

112 1684 116 1690 .
186 1654 278 1699 cuum
305 1653 388 1709 esse;
419 1636 495 1700 adde
524 1638 728 1723 quodetiam
754 1640 825 1704 01110
854 1641 932 1706 10010
960 1642 1053 1706 huius
1080 1641 1247 1718 erationis,
1279 1644 1315 1705 ut

185 1741 266 1821 §04
295 1731 361 1824 (t)
393 1740 449 1805 καὶ
481 1734 557 1823 ὑμῖν
586 1737 649 1822 tipo
680 1744 782 1808 orator
818 1745 923 1810 minus
953 1746 1111 1829 eleganter
1143 1746 1245 1809 subito
1276 1745 1314 1809 ad

185 1846 271 1910 aliud
293 1847 460 1930 quidquam
482 1866 514 1911 se
535 1838 697 1912 conuertit.

272 1949 426 2014 Ultimum
448 1950 579 2034 denique
602 1952 907 2035 argumentumque
930 1952 1124 2017 Hamalxerus
1145 1953 1232 2018 01000
1256 1954 1313 2029 001,

185 2073 248 2118 000
282 2056 347 2118 tam
371 2055 483 2118 stabile
504 2056 568 2133 est,
594 2055 668 2138 quin
698 2053 791 2120 facile
821 2055 1003 2120 labefactari
1030 2057 1137 2139 possit
1188 2057 1313 2120 Etenim

185 2159 348 2224 Scheibius
379 2160 445 2223 iure
475 2159 623 2223 admonet
644 2160 779 2223 multum
802 2159 872 2223 falli
894 2160 1106 2224 Hamalxerum
1128 2161 1208 2242 quod
1230 2161 1313 2224 arbi-

185 2264 287 2326 tretur
307 2265 341 2327 10
362 2263 394 2346 §i
421 2282 518 2328 nonae
546 2264 650 2328 verbis
673 2266 745 2339 πῶς
767 2259 830 2350 γάρ
853 2261 921 2326 κτλ.
945 2282 1071 2328 causam
1099 2265 1312 2346 rationemque

181 2368 299 2432 0100010
328 2368 420 2431 huius
448 2385 564 2450 poenae
586 2366 820 2431 constituendae
843 2365 1014 2441 contineri3
1045 2367 1142 2430 immo
1170 2367 1233 2429 iarn
1257 2384 1312 2429 an-

183 2468 237 2531 tea
265 2467 368 2531 verbis
397 2464 523 2529 codrum
555 2465 592 2530 δὲ
621 2466 662 2528 τὰ
691 2463 751 2547 μὲν
781 2463 962 2552 πράγματα
993 2469 1186 2550 κατηγοραῑ,
1220 2459 1314 2546 ἡμεῖς

185 2571 224 2635 δὲ
246 2571 565 2655 καταμαρτυροῦμεν
592 2588 685 2634 causa
713 2568 865 2651 gravioris
894 2567 980 2632 illius
1003 2552 1121 2651 000000
1145 2566 1223 2631 satis
1246 2567 1313 2629 erat

189 2668 336 2750 exposita.
381 2669 448 2731 Iam
469 2685 542 2733 uero
566 2671 637 2743 πῶς
659 2663 724 2753 γάρ
746 2665 815 2730 κτλ.
845 2667 947 2731 verbis
977 2666 1100 2731 additur
1127 2685 1240 2760 nevum
1262 2683 1311 2729 ar-

108 2779 114 2787 '
183 2774 385 2856 gamanam,
409 2792 463 2837 cur
486 2773 614 2861 indignis
631 2774 695 2839 sint
713 2772 776 2850 rei,
805 2773 915 2856 quibus
935 2770 1171 2837 defendentibus
1193 2770 1312 2834 iudices

184 2896 274 2942 aures
296 2878 478 2960 praebeant:
502 2897 594 2956 „nam
616 2876 682 2943 illis
705 2898 766 2943 non
787 2878 869 2942 idern
892 2895 983 2942 curae
1006 2877 1063 2954 est,
1089 2868 1184 2957 (οὐδὲ
1205 2867 1308 2959 rodet

125 3044 133 3061 ,
185 2982 349 3069 συμφέρει
371 3002 425 3065 per
448 2982 560 3047 litoten
582 2978 799 3066 expressum)
832 2984 925 3065 atque
955 2982 1099 3047 omnibus
1118 2979 1209 3045 bonis
1233 2977 1309 3044 civi-

184 3088 252 3163 bus,
276 3107 347 3152 cum
373 3087 454 3150 inter
482 3086 599 3149 bellum
628 3084 798 3168 gerendum
827 3104 883 3148 000
911 3086 1049 3167 ipsorum
1071 3085 1231 3150 commoda
1261 3102 1310 3148 se·

184 3190 314 3272 quentes
345 3208 361 3252 0
391 3188 523 3272 publicis
550 3188 689 3271 pecuniis
718 3188 844 3252 divitias
870 3188 991 3251 iniuste
1015 3188 1076 3252 sibi
1101 3189 1308 3272 paraverint.“

184 3291 243 3354 Cui
265 3289 463 3373 explicationi
492 3288 614 3370 praeter
639 3289 820 3375 ,Scheibium
843 3288 1013 3354 assentitur
1033 3288 1129 3352 etiarn
1151 3288 1310 3354 Parovius.

185 3392 264 3456 Cum
286 3393 383 3475 igitur
405 3389 609 3474 supplendum
632 3391 684 3477 sit¹
703 3392 758 3456 illo
781 3393 849 3457 loco
877 3391 908 3475 §i
930 3409 1029 3456 nonae
1053 3391 1125 3473 post
1156 3392 1229 3466 πῶς
1249 3387 1311 3478 γάρ

185 3512 255 3557 cum
277 3494 404 3587 Reislrio
427 3513 462 3558 ex
485 3491 737 3557 antecedentibus
759 3495 848 3560 δοῖεν
870 3488 925 3572 ἄν,
953 3512 1052 3578 00000
1080 3511 1156 3577 0000
1186 3495 1235 3557 001
1255 3493 1311 3557 illa

185 3598 355 3662 Hamakeri
378 3597 556 3661 coniectura
576 3614 673 3678 neque
695 3597 767 3659 0010
790 3598 863 3672 πῶς
886 3592 948 3683 γάρ
969 3596 1135 3680 quidquam
1159 3593 1310 3657 excidisse

184 3703 355 3767 verisimile
378 3702 509 3766 videtur.
553 3700 613 3764 Sed
642 3719 681 3763 ne
702 3701 886 3765 Franckmii
915 3703 1040 3785 quidem
1069 3699 1233 3784 explicatio
1256 3715 1310 3763 ne-

184 3806 319 3870 cessaria
342 3807 373 3868 et
395 3804 526 3886 simplex
542 3803 620 3867 satis
642 3803 774 3881 videtur,
794 3805 846 3886 qui
862 3806 1069 3883 artificiosius,
1089 3806 1206 3888 opinor,
1228 3805 1310 3868 hunc

185 3926 334 3972 conexum
356 3905 544 3970 intercedere
568 3905 695 3969 statuit:
720 3904 816 3981 „Non
843 3908 1008 3989 oportet
1038 3926 1090 3972 eos
1110 3908 1226 3984 001100,
1249 3926 1310 3972 000
1362 3910 1364 3915 ’

184 4013 283 4090 „utile
302 4011 407 4085 uobis3
428 4011 468 4074 110
492 4010 576 4073 enim
599 4009 783 4073 conduceret
806 4028 931 4074 causam
954 4010 1064 4087 dicere,
1087 4012 1140 4075 sed
1155 4010 1310 4094 quasillis

184 4113 297 4191 „utilia
320 4114 401 4190 0001,
424 4112 511 4177 uobis
534 4113 608 4177 sunt
629 4111 750 4176 noxia.“
801 4111 900 4176 Addit
929 4113 1025 4196 igitur
1054 4115 1131 4178 haec
1160 4115 1249 4196 quasi
1278 4114 1311 4177 in

185 4217 393 4299 superioribus
415 4236 477 4281 nen
499 4217 536 4280 de
558 4217 641 4281 10010
662 4220 680 4295 (
683 4208 779 4294 ἀξίαν
802 4212 913 4301 δίκην)
936 4218 989 4281 sed
1012 4218 1049 4282 de
1070 4219 1143 4283 utili
1159 4221 1310 4303 ageretur.

183 4359 225 4368 —-
249 4316 394 4385 Vidimus
411 4340 502 4403 supra
524 4321 716 4386 intercedere
738 4319 834 4386 etiam
854 4322 913 4385 hec
934 4320 1001 4385 loco
1023 4321 1105 4386 inter
1124 4323 1216 4386 verba
1233 4341 1309 4404 0000

185 4423 373 4488 0010001001
390 4425 482 4505 01000
504 4443 581 4506 0000
601 4425 745 4509 deinceps
763 4426 934 4509 sequuntur
952 4424 1066 4488 bonum
1085 4424 1309 4517 sententiarum

184 4549 349 4606 conexum,
374 4529 508 4592 concidit
533 4531 629 4613 igitur
642 4530 707 4622 1110
729 4532 899 4598 Hamakeri
922 4530 1052 4613 suspitio
1074 4529 1271 4612 110100010οι0
1293 4544 1309 4584 0

1135 4652 1152 4704 4
