3142 5036
672 360 713 369 ..
756 325 797 386 43
842 360 883 368 ..

216 510 280 553 non
302 492 414 572 potest.
457 491 621 572 Berbigius
643 504 712 572 pag.
735 490 774 551 13
801 486 1015 569 integritatem
1046 458 1227 569 impugnare
1257 487 1346 568 putat

218 594 328 657 verba:
359 593 425 675 §io
450 585 469 676 ἢ
489 593 584 677 με’ρει
603 593 665 654 suiv
682 586 895 673 ἅδικρμάτιον
912 584 967 649 τὸν
982 582 1131 650 κίνδυνον
1148 582 1345 672 ἐξεπρίαντο

217 698 303 779 etti
326 699 362 759 ll
388 692 504 779 ὥσπερ
529 689 622 776 ὑμεῖς
645 693 685 758 τὰ
708 689 835 757 codrior
856 692 1159 774 μισθοφοροῦντες.

296 802 448 867 'Altera
469 800 655 865 elocutionis
676 799 827 883 Lysiacae
849 797 985 861 virtus
1008 797 1073 859 est:
1098 788 1191 880 ἡδιά
1211 794 1276 855 τῶν
1289 816 1346 855 κο-

217 900 349 987 ριίονίε
364 902 420 968 καὶ
434 905 552 967 κοινιῦν
567 900 622 966 καί
642 901 675 966 εἰι
688 900 780 986 μέσῳ
797 899 955 982 κειμένων
968 891 1140 976 ὀνομάτων
1156 896 1345 983 ἐκφέρουσα

218 1007 262 1071 τὰ
276 1002 467 1089 νοούμεναῑ)
485 1002 602 1090 ἥκιστα
618 1003 680 1092 γὰρ
696 996 736 1068 ἶνίν
748 1027 799 1079 τις
815 999 907 1087 εὕροι
915 998 1051 1066 Λυσίαν
1063 1003 1211 1084 τροιισκῇ
1222 995 1347 1083 φράσει

215 1106 433 1194 χρησάμενον.
458 1109 687 1185 Peculiaribus,
710 1108 808 1191 igitur
822 1107 949 1171 usitatis
963 1105 1065 1170 verbis
1079 1105 1111 1168 ct
1126 1103 1166 1167 iis
1180 1101 1345 1183 unicuique

216 1213 389 1295 perspicuis
420 1212 591 1275 sententias
627 1210 802 1292 exprimens
836 1226 959 1272 omnem
992 1206 1144 1288 tropicum
1176 1206 1208 1267 ct
1243 1205 1345 1266 trans-

217 1314 320 1377 latum
342 1314 504 1377 verborum
529 1332 621 1376 usum
642 1313 742 1377 vitare
764 1311 878 1375 studet.
917 1311 950 1375 si
971 1311 1029 1373 hoc
1050 1297 1248 1392 pracceptum
1270 1324 1345 1368 nunr

220 1418 328 1481 nostra
350 1419 383 1481 in
404 1419 541 1483 cretione
564 1419 761 1483 observatum
783 1417 826 1481 sit
847 1414 1139 1489 examinaverimus,
1161 1411 1241 1475 nihil
1256 1410 1294 1473 ab
1310 1426 1345 1471 eo

219 1526 414 1591 inveniemus
431 1528 593 1591 abhorrere
610 1527 677 1591 nisi·
686 1528 771 1591 vocis
786 1520 932 1610 ἀδίκημα
948 1546 1037 1601 usus,
1061 1543 1137 1607 quae
1154 1525 1191 1606 §o
1207 1525 1226 1586 d
1241 1523 1344 1585 trans-

218 1632 326 1696 laticio
349 1652 441 1697 sensu
464 1635 565 1697 exstat
588 1652 642 1715 pro
674 1634 824 1715 „pecunia
847 1633 962 1697 iniuste
985 1631 1188 1715 conquisita.“
1228 1629 1345 1693 Mirum

219 1735 253 1797 in
277 1734 403 1797 modum
432 1735 490 1797 lroe
520 1734 664 1816 Dionysii
696 1734 811 1798 iudicio
840 1736 993 1817 repugnat
1022 1753 1058 1798 ac
1080 1734 1185 1796 tamen
1212 1766 1259 1809 -,
1282 1730 1345 1793 nisi

218 1837 415 1900 coniecturae
438 1838 520 1901 ullus
550 1838 636 1918 locus
665 1838 847 1901 tribuendus
870 1839 932 1914 est,
961 1837 1040 1921 quod
1063 1837 1205 1919 equidem
1234 1834 1344 1897 malim

217 1975 262 1984 —
283 1940 458 2004 consistunt
477 1941 581 2023 plnres
604 1941 737 2005 editores
759 1941 792 2004 in
814 1942 873 2003 hac
895 1941 1047 2024 scriptura
1069 1942 1164 2025 μέρει
1185 1941 1247 2001 τῶν
1271 1930 1345 2001 ἅδι-

218 2039 385 2126 κημάιων,
414 2064 485 2108 curn
505 2045 627 2109 codices
650 2064 719 2109 eam
741 2045 915 2108 exhibeant.
959 2044 1103 2126 Cicero⁹l
1128 2043 1254 2125 quidem
1276 2061 1344 2106 ora-

217 2152 281 2215 tori
310 2152 414 2215 tenuis
445 2152 569 2234 generis
595 2152 731 2235 aliquem
753 2152 879 2216 modurn
902 2152 1072 2215 translatae
1103 2150 1249 2215 dictionis
1271 2169 1344 2213 con-

218 2257 316 2333 cedit,
332 2259 473 2340 quamvis
487 2259 577 2330 illum
592 2260 744 2323 oratorem
759 2278 880 2323 omnem
899 2260 1043 2323 ornatum
1058 2258 1232 2341 figurasque
1246 2257 1345 2321 vitare

219 2362 327 2424 deceat
340 2399 383 2407 —
396 2363 502 2426 tamen
525 2363 579 2427 illc
601 2382 675 2426 usus
699 2355 910 2445 corruptorios
925 2364 957 2426 in
980 2363 1088 2445 Lysia,
1112 2365 1147 2426 ut
1168 2364 1232 2426 iarn
1253 2381 1345 2445 supra

147 2480 149 2491 ⁴
218 2466 340 2541 monui,
362 2466 492 2529 minime
514 2466 658 2531 ferendus
682 2469 745 2543 est3
769 2470 851 2532 certe
873 2468 959 2532 locus
981 2467 1035 2531 ille
1055 2467 1216 2549 corruptus
1234 2467 1344 2542 exstat,

220 2584 281 2647 qua
302 2567 426 2647 propter
443 2566 541 2630 mirus
564 2566 651 2631 illins
666 2569 808 2633 vocabuli
823 2588 897 2632 usus
912 2568 1024 2650 Lysiae
1040 2586 1138 2661 neque
1153 2567 1230 2631 vitio
1246 2585 1345 2649 neque

219 2671 429 2754 negligentiae
452 2673 632 2738 tribuendus
654 2675 785 2738 videtur.
1352 2738 1357 2749 .

305 2774 486 2838 Tertium
509 2778 572 2852 cst,
602 2778 681 2860 qnod
703 2777 872 2859 Dionysius
895 2779 928 2841 in
950 2777 1064 2861 Lysiae
1085 2795 1197 2859 genere
1223 2774 1345 2841 dicendi

216 2876 373 2940 laudabile
395 2878 553 2962 efferat³):
579 2874 596 2965 ἡ
621 2876 788 2966 σαφήνεια
810 2875 849 2944 οὐ
870 2876 973 2961 μόνον
995 2873 1015 2965 ἡ
1038 2877 1073 2943 ἐν
1091 2882 1162 2954 τοῖς
1184 2869 1344 2956 ὀνόμασιν

218 2973 382 3043 ἀλλὰκαὶ
405 2973 423 3064 'i
448 2980 481 3043 ἐν
505 2985 574 3056 τοῖς
597 2979 797 3064 πράγμασιν.
838 2985 941 3047 Huius
964 3002 1034 3046 vero
1058 2981 1290 3065 perspicuitatis
1312 2984 1344 3045 et

219 3083 391 3166 elegantiae
416 3085 449 3147 in
472 3103 506 3148 eo
529 3103 621 3147 causa
645 3086 706 3161 est,
729 3086 809 3166 quod
829 3086 907 3167 apud
923 3086 1050 3167 Lysiam
1071 3088 1155 3169 ipsae
1177 3107 1227 3151 res
1243 3087 1344 3151 verbis
1387 3137 1391 3145 .

219 3202 281 3247 non
303 3185 455 3260 serviant,
486 3184 539 3247 scd
561 3184 642 3247 ultro
663 3203 730 3247 rem
752 3185 845 3248 verba
864 3185 931 3267 ipsa
954 3188 1130 3268 sequantur.
1175 3188 1251 3266 Quis
1272 3206 1343 3251 vero

219 3289 405 3352 nostratium
427 3288 518 3352 hodic
543 3289 602 3352 hoe
630 3289 774 3370 Dionysii
803 3289 954 3353 iudicium
976 3289 1043 3351 sine
1065 3290 1130 3354 ulia
1152 3291 1343 3356 dubitatione

219 3392 386 3473 approbare
409 3393 514 3456 ausit?
545 3392 669 3455 Dtenim
692 3392 725 3454 in
745 3393 854 3457 multis
877 3392 1069 3458 orationibus
1092 3393 1128 3455 de
1149 3395 1240 3458 rebus
1256 3394 1343 3477 prin-

219 3497 371 3580 cipalibus
401 3498 578 3579 ambigitur,
597 3482 687 3579 ¹quae
717 3498 760 3561 sit
789 3497 923 3562 formula
952 3499 1096 3584 γραφῆς,
1134 3498 1213 3580 quod
1242 3499 1343 3563 scelus

217 3621 289 3666 rens
311 3604 518 3682 commiserit,
543 3622 619 3688 quae
639 3623 738 3687 poena
761 3608 877 3671 constit
864 3606 1063 3684 tutassent,
1087 3626 1161 3670 num
1182 3605 1281 3671 oratio
1301 3606 1343 3670 sit

220 3705 434 3790 πριοτολομιά
464 3727 504 3772 an
535 3690 769 3790 δειιτιρολομία
807 3709 838 3771 et
868 3710 930 3773 alia
965 3711 997 3774 id
1025 3729 1133 3792 genus
1186 3709 1343 3787 Quantum

220 3811 355 3893 spatium
377 3813 415 3876 ad
438 3811 665 3877 divinandum
655 3832 689 3875 ru
704 3812 778 3893 Ly
753 3831 846 3876 sracrs
865 3832 959 3895 quaes
961 3814 1098 3879 tionibus
1114 3816 1200 3898 patet
1209 3813 1343 3892 rucio?

219 3913 298 3995 quod
314 3914 467 3979 orationes
485 3914 612 3996 Lysiae,
636 3916 672 3977 nt
690 3931 770 3975 nunc
787 3913 923 3989 exstant,
946 3915 1011 3977 tam
1027 3915 1118 3997 longe
1136 3916 1173 3979 ab
1194 3915 1249 3979 illo
1267 3916 1344 3978 Dio-

219 4014 301 4094 nysii
323 4015 437 4079 iudicio
460 4016 658 4090 abhorreant,
681 4031 792 4078 causae
814 4013 926 4076 adsunt
947 4016 1029 4079 haud
1049 4035 1179 4098 paucae:
1208 4017 1342 4080 Omnino

287 4261 312 4323 1)
331 4259 431 4328 Dionys
452 4275 509 4327 cap.
531 4263 554 4314 3.

286 4348 315 4410 2)
336 4346 387 4399 uro.
409 4348 452 4402 Dr.
471 4349 486 4413 ᾖ
504 4348 545 4403 81.
567 4347 665 4402 Tenuis
683 4351 773 4400 orator
797 4345 874 4398 modo
897 4345 932 4398 sit
952 4345 1059 4410 elegans
1087 4365 1135 4401 nec
1159 4350 1331 4406 insumendis

218 4427 304 4481 verbis
323 4429 373 4482 erit
390 4429 478 4482 audax
497 4437 524 4483 ct
542 4431 570 4484 in
588 4429 778 4484 transferendis
797 4428 960 4484 verecundus
978 4432 1027 4479 etc.

287 4518 313 4579 3)
335 4514 435 4583 Dionys
453 4530 508 4585 cap.
528 4517 552 4572 4,
