3142 5036
692 287 899 348 ..ῃ-

229 452 344 533 opinor.
380 451 589 516 Franckenius
603 452 741 516 Batavus
756 452 812 516 ille
833 452 930 516 refert
952 452 1040 517 illam
1063 455 1226 521 Plutarchi
1248 477 1353 521 narra·

228 555 345 619 tionem
367 555 406 620 ad
427 558 653 639 paragraphum
684 557 807 620 nostrae
830 555 980 621 orationis
1003 558 1159 639 quartam,
1189 560 1222 624 in
1245 580 1304 643 qua
1328 563 1359 624 ct

229 658 321 744 δῶρα
345 660 625 723 commemorantur
647 660 679 722 et
698 676 769 722 reus
787 656 947 723 absolutus
963 674 1030 721 esse
1044 657 1187 722 traditm·.
1209 658 1359 741 Magnam

228 763 353 846 quidem
387 763 419 826 in
457 765 580 827 hac-re
617 762 782 827 admodum
817 762 946 825 obscura
982 761 1232 845 probabilitatem
1266 762 1361 826 habet

230 866 415 931 Franckenii
438 868 628 943 coniectura,
652 866 705 930 sed
727 867 832 929 tamen
851 858 968 929 mirum
988 865 1022 928 in
1045 864 1171 929 modum
1188 865 1359 942 Plutarchi,

231 972 267 1034 ut
289 972 334 1036 ita
363 971 465 1036 dicam
494 970 764 1048 ,‚narratiuncula“
791 969 936 1034 abhorret
964 969 1106 1033 avertis
1127 968 1358 1046 Demosthenis,

228 1077 316 1140 cuius
345 1076 560 1141 testimonium
589 1076 737 1158 primaria
773 1074 864 1138 debet
892 1092 959 1138 esse
989 1074 1184 1138 auctoritate.
1234 1074 1359 1138 Etenim

171 1205 176 1212 ·
227 1177 407 1259 Epicratem
429 1176 553 1259 propter
574 1175 763 1258 legationem
791 1174 872 1238 male
894 1174 1146 1241 administratam
1170 1173 1283 1256 capitis
1304 1173 1358 1237 da·

227 1281 370 1344 umatum
390 1299 457 1344 esse
473 1280 589 1362 liquido
605 1281 742 1362 apparet.
771 1279 856 1357 Quae
873 1298 944 1342 cum
959 1280 1005 1343 ita
1021 1280 1098 1356 sint,
1118 1299 1189 1343 cum
1204 1280 1358 1343 Francke-

228 1381 281 1445 nio
303 1380 500 1445 statuendum
523 1382 596 1457 erit,
619 1381 795 1463 Epicratem
818 1380 882 1443 bis
904 1379 1083 1443 accusatum
1099 1397 1182 1455 cssc3
1206 1378 1358 1461 inpriore

229 1504 320 1550 causa
343 1485 532 1562 absolutum,
563 1486 595 1548 in
617 1485 786 1567 posteriore
809 1485 913 1548 autem
936 1483 1174 1548 condemnatum
1197 1501 1268 1546 eum
1290 1500 1357 1546 esse

227 1588 306 1652 nihil
328 1589 446 1665 obstat,
470 1590 634 1671 quominus
655 1590 808 1670 putamus.
845 1589 882 1650 ln
904 1587 1003 1651 altera
1017 1588 1122 1652 autem
1140 1606 1232 1651 causa
1244 1586 1357 1670 Lysiae

226 1690 281 1754 illa
311 1692 409 1755 oratio
438 1691 545 1755 habita
575 1710 643 1754 esse
672 1690 751 1754 falso
786 1691 885 1753 adhuc
918 1689 1106 1767 credebatur,
1144 1690 1223 1772 quod
1254 1689 1357 1773 paullo

226 1793 311 1858 infra
333 1782 622 1858 demonstrabimus.
643 1828 686 1838 -

230 1954 233 1958 A
312 1898 379 1959 Iam
402 1915 472 1962 vero
503 1896 649 1980 indagare
678 1915 734 1959 nos
763 1895 884 1977 oportet
913 1896 1017 1957 utrum
1048 1895 1152 1958 omnia
1181 1894 1249 1971 illa,
1280 1912 1359 1976 quae

224 2003 344 2066 veteres
367 2002 533 2084 scriptores
563 2001 600 2064 de
627 2000 771 2082 Epicrate
793 1997 979 2062 tradiderint
1008 1997 1046 2061 ad
1073 2017 1168 2061 unum
1196 1998 1356 2075 hominem

223 2109 344 2192 possint
358 2109 481 2185 retent,
502 2127 542 2172 an
558 2108 633 2172 duos
648 2108 735 2172 illius
749 2105 884 2169 nominis
898 2105 980 2170 viros
994 2105 1049 2168 illo
1062 2105 1200 2187 tempore
1212 2104 1356 2188 aequales

223 2217 338 2280 vixisse
368 2215 571 2280 verisimilius
600 2215 652 2279 sit.
708 2211 889 2291 Quodnam
916 2211 1084 2287 faciamus,
1113 2211 1248 2294 primum
1278 2230 1355 2294 quae

224 2319 284 2384 viri
306 2319 390 2384 docti
405 2319 442 2383 de
457 2319 512 2382 illa
526 2337 560 2382 re
582 2316 790 2401 cogitaverint
809 2317 902 2399 atque
923 2315 1133 2398 exposuerint,
1155 2315 1356 2397 praemittere

223 2424 325 2488 liceat.
359 2422 486 2487 Carolus
509 2422 637 2487 Scheibe
658 2422 691 2485 in
708 2420 853 2485 vindiciis
870 2419 1041 2503 Lysiacis1)
1064 2419 1171 2483 contra
1186 2417 1355 2482 Hamakeri

223 2526 406 2610 opusculum
429 2526 554 2612 scriptis
576 2543 739 2608 personam
767 2523 921 2607 Epicratis
950 2522 1050 2605 ipsam
1073 2520 1199 2586 omnino
1221 2540 1280 2585 non
1304 2522 1352 2584 at-

223 2629 327 2711 tingit.
362 2628 557 2692 Hamakerus
579 2626 697 2712 ver02),
720 2626 820 2709 quoad
845 2645 861 2688 e
886 2625 988 2689 verbis
1010 2624 1077 2688 eius
1092 2624 1196 2707 potest
1212 2624 1354 2707 perspici,

222 2751 318 2795 unum
347 2732 444 2796 fuisse
473 2733 649 2815 Epicratem
677 2733 814 2796 stabrere
841 2730 971 2806 videtur,
1000 2731 1106 2793 tamen
1127 2727 1230 2792 haesit
1252 2728 1285 2791 in
1308 2748 1353 2805 eo,

223 2835 303 2919 quod
332 2836 560 2900 Demosthenes
587 2836 678 2900 illurn
707 2836 809 2899 virum
838 2832 1026 2898 σπουδαῖον
1053 2829 1164 2895 πολλὰ
1192 2828 1354 2918 χρήσιμον

221 2941 264 3023 τῇ
287 2933 387 3002 πόλει
410 2940 510 3003 civem
532 2940 702 3015 collaudat,
732 2939 844 3020 Lysias
867 2939 972 3001 autern
999 2937 1032 3000 in
1054 2938 1113 3000 hac
1136 2936 1275 3000 oratione
1296 2936 1352 2999 ho-

223 3042 340 3103 minem
361 3043 587 3123 nequissimum
608 3060 679 3104 eum
699 3041 851 3123 obiurgat.
887 3043 937 3104 lta
956 3042 1046 3123 putat
1067 3042 1245 3124 Epicratem
1266 3059 1353 3104 reum

223 3134 359 3199 iudicum
382 3137 486 3200 oculos
508 3138 541 3200 in
563 3136 647 3201 facta
670 3139 702 3201 et
721 3137 869 3201 beneficia
896 3157 951 3202 sua
977 3139 1079 3219 priora
1106 3141 1140 3203 in
1161 3160 1227 3205 rem
1249 3141 1351 3223 publi-

224 3260 291 3305 cam
316 3241 430 3305 collata
452 3243 655 3320 convertisse,
678 3245 709 3307 et
723 3263 795 3307 cum
809 3243 905 3307 fuerit
924 3244 1111 3308 accusatoris
1128 3245 1185 3310 illa
1198 3247 1244 3310 rei
1260 3264 1352 3328 argu-

221 3341 328 3404 menta
361 3340 517 3419 refellere,
554 3344 748 3408 Hamakerus
780 3347 857 3409 haec
887 3344 1076 3427 suspicatur:
1128 3348 1230 3423 „Ante
1259 3350 1352 3413 verba

221 3445 344 3507 nostrae
368 3445 517 3510 orationis
540 3449 611 3522 πῶς
641 3441 703 3532 γάρ
726 3447 795 3511 κτλ.
825 3449 857 3530 §i
877 3466 975 3512 nonae
997 3447 1130 3513 fortasse
1150 3449 1351 3517 refellebatur

221 3551 376 3615 excusatio
395 3553 565 3635 Epicratis,
588 3572 680 3635 quam
703 3553 922 3638 edemagogia
942 3573 1012 3631 sua,
1035 3554 1115 3639 quod
1135 3555 1212 3619 bene
1235 3558 1268 3620 et
1287 3559 1350 3622 uti-

219 3651 291 3745 liter
314 3670 350 3716 11
377 3653 502 3718 functus
526 3656 621 3731 esset,
651 3655 805 3738 petiturus
833 3656 1025 3720 videbatur.“
1069 3655 1129 3721 Sed
1157 3657 1262 3721 tamen
1283 3659 1351 3725 ficri

220 3773 281 3819 non
303 3757 419 3839 potest,
449 3759 485 3821 ut
506 3759 682 3824 Hamakero
705 3760 874 3834 assentiam
907 3761 1046 3842 primum·
1066 3761 1150 3825 enim
1177 3762 1272 3827 nimis
1294 3783 1348 3828 au-

219 3853 322 3919 dacter
353 3855 476 3920 videtur
504 3858 674 3923 coniecisse
704 3878 774 3922 cum
796 3861 1031 3942 'argumentatio
1069 3861 1201 3927 infirmis
1230 3865 1348 3930 nitatur

218 3959 458 4045 argumentis⁸);
478 3961 588 4026 deinde
610 3965 715 4027 autem
733 3964 857 4029 omnino
881 3984 942 4029 non
964 3968 1020 4043 est,
1043 3986 1097 4030 cur
1118 3969 1300 4035 haereamus
1315 3972 1348 4034 iu

218 4062 348 4127 diversis
365 4063 402 4127 de
416 4084 477 4129 uno
500 4066 666 4150 eodemque
681 4068 746 4133 viro
770 4070 927 4133 oratorum
949 4070 1082 4135 iudiciis.
1119 4071 1243 4137 Monuit
1263 4075 1347 4137 enim

332 4306 440 4375 Lipsiae
457 4310 534 4366 1845.

287 4306 301 4359 1

291 4308 321 4459 1))
340 4394 448 4461 Quaest.
466 4397 555 4466 lysiae.
574 4400 663 4467 Lugd.
682 4403 776 4456 Batav.
797 4403 906 4472 islep.
928 4406 969 4460 75.

288 4479 317 4544 3)
334 4476 367 4530 cf.
386 4478 499 4535 Scheibe
516 4480 594 4535 Vind.
611 4481 675 4551 Lys.
692 4500 718 4551 p.
736 4486 777 4539 97.
