3142 5036
547 284 968 321 ⁰⁰0‚⁰··n··‘‹⁰‘

500 312 620 341 000...
667 311 729 339 ⁸⁸·
844 332 853 344 ι.
879 330 906 343 0·
971 318 975 327 ¹

493 352 532 382 1.·
547 356 556 370 ο
574 344 620 383 ο...
638 338 734 385 ἱ·ο*“”
752 315 806 377 ’54
845 350 893 378 ΓΓ
971 356 974 363 ‘

633 391 642 405 ο
666 378 730 408 0⁸0·
768 394 874 408 onnam
912 376 966 405 e¹¹

225 478 380 555 „iudicare
395 480 427 542 et
448 481 484 544 ut
506 479 659 543 iudicibus
681 478 744 541 iam
758 478 832 542 nota
849 478 937 559 quasi
953 478 987 542 in
1002 479 1181 541 transcursu
1198 479 1354 562 attingere

225 581 323 657 „satis
345 582 536 646 habueriti“
572 582 640 645 Hoc
662 579 803 663 equidem
826 598 887 644 non
908 579 1108 644 crediderim!
1145 581 1248 645 Multo
1270 581 1355 645 certe

225 686 361 748 statuere
384 685 558 769 simplicius
588 687 650 762 est,
679 683 736 747 illa
765 685 869 748 omnia
893 702 960 749 esse
991 684 1144 767 explicata
1173 687 1258 750 arcte
1278 704 1354 749 con-

224 789 357 852 iunctim
387 791 459 853 ante
494 790 624 872 ipsam
659 788 748 853 illam
777 789 897 871 partem
932 788 1113 871 Epicrateae
1145 788 1354 871 superstitem,

225 912 318 976 quam
347 894 386 958 ab
409 894 469 958 alio
492 895 612 958 emtore
634 894 726 975 atque
749 893 811 956 alia
840 893 937 959 etiam
958 892 1095 957 oratione
1124 894 1216 956 antea
1235 891 1353 957 habita.

223 998 358 1080 Repete,
382 1016 510 1085 quaeso,
533 1015 626 1081 quam
645 997 762 1060 multae
784 1015 835 1060 res
856 997 1052 1078 rationesque
1076 996 1109 1059 in
1133 997 1192 1060 hac
1216 996 1355 1060 oratione

227 1103 292 1164 tam
316 1102 380 1166 sint
402 1104 561 1179 obscurae,
585 1103 620 1165 ut
642 1102 839 1166 nullomodo
862 1121 900 1165 ne
922 1102 956 1165 in
973 1103 1093 1185 epilogo
1111 1101 1234 1184 quidem
1250 1102 1368 1165 orator

225 1207 270 1270 ita
293 1207 426 1271 scribere
447 1207 592 1291 potuerit.
622 1207 711 1271 Nihil
732 1208 784 1271 hic
804 1207 887 1271 valet
907 1206 985 1270 illud
1002 1207 1218 1290 argumentum
1234 1205 1354 1271 civibus

223 1310 468 1376 Atheniensibus
490 1330 593 1376 reunn
615 1310 784 1375 forensium
806 1311 1009 1393 peritissimis
1030 1312 1131 1376 multa
1153 1313 1202 1376 sat
1224 1312 1356 1376 claruet

223 1417 385 1499 perspicua
404 1415 515 1494 fuisse,
545 1434 621 1499 quae
643 1434 699 1480 nos
720 1414 811 1498 plane
834 1415 985 1498 effugiant
1008 1418 1037 1499 );
1067 1417 1159 1499 atque
1186 1416 1356 1498 largiamur

227 1522 370 1589 Scheibio
392 1524 612 1608 protologiam,
645 1542 737 1605 quam
751 1522 825 1607 ,vult
847 1522 983 1586 statuere
1005 1522 1101 1586 etiam
1123 1540 1142 1586 a
1163 1522 1258 1605 Lysia
1280 1541 1355 1611 con-

225 1629 372 1711 scriptam
402 1629 499 1694 fuisse
521 1666 563 1676 -
585 1631 690 1693 tamen
720 1629 827 1712 opinor
854 1629 970 1693 talibus
1000 1629 1138 1693 obscuris
1167 1629 1259 1711 atque
1288 1630 1355 1693 tam

225 1734 380 1817 ambiguis
401 1734 504 1800 verbis
522 1734 633 1817 Lysias
656 1735 758 1798 orator
781 1751 819 1796 ne
841 1734 875 1797 in
897 1730 1133 1819 δεοτερολογίᾳ
1156 1732 1281 1815 quidem
1303 1733 1352 1796 uti

226 1856 324 1921 neque
346 1838 448 1921 potuit
470 1856 569 1921 neque
592 1837 697 1901 debuit
725 1873 768 1881 -
798 1837 852 1900 sut
872 1836 1043 1919 Dionysius
1069 1837 1136 1899 tam
1157 1835 1351 1920 praeclarum

226 1941 263 2004 de
292 1940 405 2022 Lysiae
434 1941 657 2025 perspicuitate
684 1939 834 2003 iudicium
867 1938 1004 2022 proferre
1040 1958 1102 2004 non
1130 1939 1247 2023 potuit,
1282 1958 1355 2003 nam

225 2041 320 2105 etiam
344 2044 402 2107 hac
424 2043 457 2107 in
484 2062 517 2107 re
545 2043 674 2125 Lysiam
701 2042 821 2105 certum
843 2039 969 2106 modum
993 2037 1030 2104 τὸ
1054 2038 1186 2124 πρέπον
1207 2040 1353 2122 gnaviter

225 2146 403 2211 observasse
426 2167 482 2212 nos
505 2147 628 2211 edocuit
649 2146 859 2229 Dionysiusi).
896 2145 965 2209 Hoc
986 2163 1057 2209 vero
1081 2164 1142 2209 non
1162 2144 1352 2209 infitiabere:

226 2250 260 2315 Si
283 2269 353 2314 cum
368 2253 475 2316 nostra
490 2251 628 2315 oratione
651 2252 727 2315 orat.
742 2250 928 2315 XXVIHam
943 2251 975 2312 et
991 2251 1067 2314 orat.
1080 2250 1251 2326 XXIXam,
1275 2268 1354 2332 quse

225 2347 579 2436 citantur„s‘rrr'ioyor“,
593 2353 771 2430 contuleris,
786 2353 889 2417 omnia
901 2371 968 2416 esse
983 2351 1017 2415 in
1031 2352 1097 2417 illis
1112 2352 1177 2417 fere
1192 2354 1355 2437 perspicua

225 2456 379 2533 invenies,
409 2458 445 2521 ut
465 2458 516 2522 vix
538 2458 575 2522 de
597 2457 662 2522 ulla
683 2476 716 2521 re
738 2457 838 2540 possis
861 2457 1010 2522 dubitare.
1063 2457 1181 2535 Quibus
1204 2458 1354 2523 adductus

226 2561 419 2643 argrunentis
441 2560 636 2645 Epicrateam
657 2562 751 2636 hanc,
774 2561 809 2623 ut
829 2561 943 2637 exstat,
967 2560 1123 2643 epilogum
1146 2579 1214 2626 esse
1235 2580 1352 2644 negor

226 2668 321 2730 immo
343 2666 445 2750 priore
467 2667 605 2750 tempore
628 2667 660 2729 et
682 2665 809 2748 antiquo
835 2665 1034 2747 potissimum
1062 2665 1233 2749 pleniorem
1255 2666 1353 2730 maio·
1451 2714 1454 2719 -

226 2774 330 2855 risque
363 2771 499 2835 ambitus
536 2770 634 2835 fuisse
672 2771 825 2853 suspicor,
872 2771 1047 2853 temporum
1086 2772 1190 2834 autern
1228 2770 1351 2835 iniuriis

226 2875 424 2939 tribuendum
453 2893 536 2950 esse,
574 2873 654 2956 quod
683 2873 772 2938 valde
804 2874 951 2938 mutilata
980 2877 1012 2937 et
1044 2876 1205 2958 amputata
1244 2877 1311 2940 exst
1331 2877 1353 2939 t.

226 2979 316 3042 Hanc
333 2997 404 3043 vero
423 2979 553 3061 partem,
577 2997 669 3061 quam
685 2980 885 3061 superstitem
900 2979 1050 3043 habemus
1072 2978 1200 3045 finem
1221 2981 1353 3045 totius

228 3080 433 3143 orationis
462 3078 558 3144 fuisse
586 3080 683 3144 habeo
710 3098 906 3163 persuasum,
937 3097 1008 3143 cum
1030 3081 1237 3163 reputaverim
1257 3082 1352 3144 etiam

227 3183 376 3249 orationis
398 3185 564 3249 vicesimae
582 3185 701 3268 primae
722 3184 804 3248 haud
827 3184 920 3247 aliter
935 3185 1027 3266 atque
1043 3184 1191 3249 orationis
1207 3185 1353 3249 duodevi-

225 3286 359 3350 cesimae
381 3287 461 3352 nihil
482 3305 642 3371 superesse
656 3287 718 3351 nisi
732 3289 853 3369 partem
869 3288 1039 3350 extremam
1055 3287 1193 3371 solam³).
1214 3289 1353 3371 Aptissi-

225 3413 312 3456 mum
332 3396 436 3459 autem
460 3397 508 3461 est
527 3395 677 3459 orationis
692 3394 873 3476 Epicrateae
896 3394 1037 3471 initium,
1060 3395 1087 3458 si
1101 3395 1268 3459 transitum
1283 3395 1351 3460 fieri

227 3497 395 3563 statuimus
417 3499 456 3563 ad
476 3497 711 3581 perorationem.
749 3497 846 3576 Quod,
870 3499 898 3562 si
919 3499 1012 3563 verba
1034 3499 1272 3585 liurpyriprywr
1292 3500 1353 3581 μὲν

226 3588 255 3664 oi
277 3592 395 3687 ἄνδρες
412 3595 600 3686 Ἀθηναῖοι,
622 3593 842 3686 Ἐπικράτους
865 3599 933 3663 κτλ.
966 3602 1136 3667 contuleris
1158 3622 1228 3667 cum
1250 3605 1353 3669 verbis

227 3707 375 3771 orationis
398 3707 470 3785 XII,
493 3707 524 3789 §i
546 3708 602 3782 81,
631 3705 684 3769 ubi
714 3706 825 3789 incipit
854 3706 1022 3789 peroratio:
1054 3703 1290 3794 Kurpydppwr
1313 3706 1353 3794 or}

224 3799 487 3888 Ἐρατοσθένους
509 3805 576 3871 κτλ.
601 3808 679 3872 satis
700 3808 872 3872 verisimile
895 3827 963 3873 esse
985 3810 1142 3876 concedes.
1186 3814 1353 3877 Praeterea

226 3910 321 3974 habes
343 3910 459 3975 multas
484 3929 533 3974 res
561 3910 595 3974 in
616 3913 674 3975 hac
695 3913 802 3976 nostra
824 3912 1056 3994 ‚peroratione“
1079 3934 1156 3997 quae
1179 3919 1352 3984 necessario

228 4015 266 4080 ad
288 4034 338 4091 ea,
360 4034 437 4098 quae
453 4016 545 4080 antea
561 4017 599 4081 ab
618 4018 738 4081 oratore
753 4018 891 4101 exposita
907 4020 980 4083 sunt
994 4020 1178 4104 respiciunt,
1202 4041 1241 4087 en
1257 4025 1352 4090 habes

237 4205 437 4213 ------

295 4318 322 4386 1)
346 4316 432 4371 Blass.
450 4321 499 4370 att.
519 4314 660 4370 Beredtsk.
677 4332 703 4384 p.
723 4315 781 4371 404.
804 4314 948 4369 Francken
965 4333 991 4385 p.
1011 4317 1052 4372 17.

295 4428 321 4492 2)
340 4424 450 4493 Dionys.
464 4422 588 4478 iudicium
605 4421 639 4476 de
658 4420 742 4491 Lysia
763 4436 819 4490 cup.
839 4423 863 4475 9.
882 4420 961 4475 Blsss
978 4438 1003 4490 p.
1023 4420 1082 4477 387.

294 4534 322 4601 3)
341 4529 453 4587 Schoell.
472 4529 580 4598 Quaest.
599 4526 704 4585 fiscales
724 4542 750 4594 p.
770 4526 812 4579 11.
