3142 5036
679 289 892 352 „41-

227 477 306 542 (νους
325 451 496 538 ποιήσετε,
521 446 541 540 ἢ
557 456 612 519 νῦν
628 451 693 519 εἰσί
709 452 766 519 καὶ
817 449 908 528 τίοιις
922 450 1080 537 ποιήσετε
1094 451 1152 518 καὶ
1167 453 1261 542 παρὰ
1274 453 1351 520 τοὺ-

228 553 322 641 nepot
338 551 463 620 τούτων
479 551 571 640 δίκην
590 550 766 642 εἰληφότες
816 576 876 619 τοο
900 550 993 638 δίκην
1021 548 1196 638 εἰληφότες
1218 552 1349 623 ἔσεσθε.

226 652 359 722 ἔσεσθε.

384 786 502 854 xxxx
523 788 542 869 ς
565 786 615 850 15.
982 785 1071 850 xxx
1093 787 1112 869 ς
1134 788 1184 851 35.

222 898 341 985 Ἡμεῖς
354 903 414 987 μὲν
430 899 541 969 τοίνυν
557 903 638 988 (scil.
655 899 686 968 ολ
702 925 762 966 κα-
811 895 926 985 Ἡμεῖς
941 901 1002 984 μὲν
1017 898 1128 968 τοίνυν
1144 898 1204 969 οὐκ
1224 897 1351 992 ἠθελή-

223 999 761 1092 crjyopor)miur}dcdrjocpevrepo-
814 1023 918 1086 σαμεν
937 997 1005 1070 ὑπὸ
1020 1002 1144 1070 τούτων
1161 997 1354 1089 ἀξιούμενοι

224 1106 352 1183 δοῦναι,
367 1099 524 1188 ἀξιοῦμεν
539 1105 576 1172 δὲ
590 1099 668 1192 μηδ’
677 1099 761 1189 ὑμᾶς
814 1106 1010 1190 πεισθῆναι,
1033 1104 1072 1170 τὸ
1095 1099 1125 1172 d'
1134 1102 1218 1172 αὐτὸ
1239 1130 1351 1196 παρα-

223 1206 295 1270 κτλ.
814 1205 980 1289 καλοῦμεν
1002 1201 1097 1290 ὑμᾶς.

310 1352 370 1417 His
389 1352 505 1436 igitur,
528 1370 606 1436 quae
627 1352 709 1417 inter
731 1350 887 1417 orationes
915 1352 948 1415 in
970 1351 1147 1436 Epicratem
1176 1354 1208 1417 et
1235 1353 1268 1417 in
1290 1353 1348 1417 Ni-

221 1459 407 1522 comachum
436 1456 631 1521 intercedunt
657 1455 932 1532 similitudinibus,
967 1455 1077 1539 quibus
1107 1455 1205 1519 etiam
1235 1455 1350 1520 similis

220 1564 384 1648 utriusque
403 1563 552 1629 orationis
575 1561 728 1645 peroratio
748 1561 867 1625 XXVH
891 1562 1025 1626 13-16.
1055 1562 1087 1625 et
1105 1561 1194 1625 XXX
1215 1562 1349 1625 31-35.

221 1663 453 1728 adnumeranda
475 1664 541 1739 est,
562 1662 773 1727 Franckeniua
795 1661 856 1726 sibi
877 1663 972 1759 tabet
992 1681 1175 1746 persuasum
1195 1663 1350 1747 „Epicra-

219 1768 309 1830 team
331 1785 367 1829 ex
389 1766 598 1831 Nicomachea
619 1765 796 1830 imitatione
818 1783 994 1848 expressam
1017 1785 1100 1841 esse3
1131 1785 1192 1831 non
1215 1767 1350 1831 contra.“

221 1863 373 1941 Quamvis
401 1866 524 1948 tempus
538 1866 572 1948 ¹),
603 1883 663 1948 quo
692 1866 820 1949 utraque
851 1866 948 1930 oratio
977 1867 1085 1930 habita
1120 1867 1349 1944 videturesse,

220 1983 287 2029 non
306 1964 471 2048 impediat,
502 1965 666 2048 quominus
696 1963 774 2027 illud
797 1964 986 2041 statuamus,
1018 1965 1124 2028 tamen
1146 1965 1266 2030 Batavo
1288 1965 1349 2028 rni-

220 2067 308 2131 nime
330 2069 477 2133 assentiri
500 2087 636 2151 possum.
682 2067 804 2133 Scimus
837 2060 920 2131 enim
950 2068 1014 2132 iam
1043 2067 1200 2132 veteribus
1229 2069 1348 2133 criticis

221 2170 399 2253 suspectam
427 2168 526 2233 fuisse
556 2168 728 2233 orationem
755 2168 1244 2252 Nicomacheam:Ha1pocratio
1276 2189 1300 2233 s.
1321 2190 1349 2233 v.

219 2266 365 2357 ἐπιβολη
389 2271 434 2335 ait
451 2268 584 2348 Λυσίας
601 2268 635 2336 ἐν
656 2272 704 2357 τῷ
725 2267 811 2334 κατὰ
833 2268 1095 2356 Νικομοχίδονῑ)
1119 2268 1154 2337 εὶ
1176 2270 1351 2357 γνήσιος

221 2377 348 2442 atvero
370 2377 566 2460 Epicrateam
586 2396 676 2443 nemo
698 2379 839 2442 veterum
868 2395 929 2441 non
960 2378 1127 2460 genuinam
1156 2379 1266 2443 habuit
1294 2397 1348 2442 ne-

222 2497 281 2562 que
312 2479 520 2542 recentiorum
555 2478 734 2543 criticorum
770 2479 928 2561 hueusque
964 2479 1087 2561 praeter
1122 2479 1349 2543 Franckenium

222 2584 394 2668 quisquam.
438 2583 587 2662 Quamvis
608 2584 838 2649 observationes
861 2583 898 2647 de
921 2583 1059 2648 oratione
1076 2583 1165 2648 XXX
1187 2581 1289 2647 factae
1311 2584 1350 2648 ad

221 2683 388 2766 caliginem
411 2682 635 2767 dispellendam
657 2702 718 2748 non
741 2683 820 2746 satis
842 2700 910 2746 esse
926 2682 1098 2762 videantur,
1120 2685 1156 2747 ut
1174 2683 1220 2748 ait
1242 2683 1349 2749 Schei-

221 2791 300 2869 bius‚
322 2791 428 2854 tamen
451 2790 626 2873 nuperrime
649 2790 917 2874 Schoemannus⁸)
949 2809 1075 2869 causas,
1105 2792 1215 2874 quibus
1244 2793 1349 2859 motus

221 2891 427 2973 Harpocratio
450 2890 528 2955 illud
551 2886 580 2954 εἰ
601 2888 745 2975 γνήσιος,
769 2893 892 2957 obelum
922 2894 1146 2976 quodammodo
1169 2913 1269 2972 suum,
1293 2897 1347 2960 ad-

221 2991 344 3068 diderit,
366 2992 457 3056 modo
478 2992 590 3074 primis
609 2991 810 3057 lineamentis
828 2994 987 3058 indicavit.
1037 2996 1122 3074 Quae
1142 3016 1252 3062 causae
1276 3001 1349 3063 sunt

219 3091 435 3173 gravissimae,
457 3091 616 3174 praeterea
637 3093 777 3156 veterum
798 3093 948 3158 iudicium
968 3115 1039 3160 mea
1060 3099 1184 3181 quidem
1205 3102 1348 3186 opinione

221 3195 255 3257 in
284 3194 489 3259 diiudicandis
519 3195 710 3260 orationibus
740 3215 861 3279 semper
885 3198 974 3263 nobis
1005 3199 1096 3265 debet
1124 3222 1192 3268 esse
1220 3207 1349 3271 maximi

219 3300 387 3374 momenti;
410 3299 456 3362 ita
480 3318 541 3364 non
559 3299 639 3364 facio
662 3319 733 3363 cum
754 3300 963 3379 Franckenio‚
983 3303 1036 3384 qui
1057 3303 1123 3368 illis
1146 3304 1270 3372 omnino
1293 3328 1347 3372 ne-

218 3403 332 3486 glectis
355 3403 596 3468 Nicomaoheam
618 3405 799 3488 Epicrateae
821 3406 929 3489 utique
945 3406 1100 3489 praeferre
1123 3392 1200 3475 vult
1222 3412 1257 3476 Si
1279 3414 1347 3496 qui-

219 3508 290 3571 dem
313 3507 419 3584 illam,
449 3527 526 3592 quae
547 3509 629 3573 inter
650 3509 722 3576 illas
745 3511 899 3576 orationes
921 3512 1087 3579 intercedit
1108 3515 1346 3584 similitudinem

218 3609 303 3673 ausis
326 3610 493 3705 explicare,
523 3612 610 3677 obelo
641 3614 896 3697 Harpocrationis
928 3616 1015 3681 nisus
1042 3618 1146 3701 potius
1179 3621 1346 3689 credideris

288 3807 315 3873 1)
335 3805 505 3874 Epicrateam
523 3808 641 3864 habitam
659 3826 719 3867 esse
737 3813 808 3867 intra
825 3828 909 3868 annos
927 3816 1064 3872 eoo-387
1082 3821 1207 3888 proposui
1223 3836 1284 3893 pag.
1304 3827 1345 3882 14.

217 3893 574 4032 gssgomglchggmsmeibius
592 3898 686 3966 (praet.
704 3898 739 3954 ad
759 3900 823 3972 Lys.
840 3918 866 3970 p.
888 3901 933 3970 85)
957 3904 1046 3972 posuit
1071 3905 1098 3960 in
1116 3920 1187 3963 anno
1205 3923 1222 3963 a
1238 3909 1300 3967 Chr.
1318 3929 1345 3969 n.

287 4068 315 4134 2)
334 4070 525 4140 Νικομαχίδης
543 4070 627 4123 forma
643 4086 693 4139 pro
711 4070 873 4145 Νικόμαχος
890 4075 988 4144 legitur
1013 4080 1044 4145 §o
1066 4081 1106 4136 11.
1132 4084 1178 4138 cfr.
1204 4085 1343 4144 Foertseh.

219 4146 290 4202 Com.
308 4165 369 4218 pag.
387 4152 429 4207 34.
448 4151 568 4208 Scheibe.
587 4154 717 4223 Apparet.
735 4157 817 4212 critic.
835 4174 896 4227 pag.
914 4159 1011 4216 LXIV.

288 4242 316 4308 3)
334 4243 515 4310 Antiquitates
534 4245 626 4312 (editio
645 4247 692 4303 111.
719 4248 798 4316 1873)
823 4265 884 4319 pag.
905 4252 971 4306 584:
997 4250 1079 4309 Diese
1102 4257 1178 4313 Reda
1201 4275 1288 4327 gegen
1312 4262 1346 4318 N.

218 4329 352 4384 erscheint
373 4331 423 4385 mir
446 4333 508 4387 sehr
533 4334 691 4390 bedenklich
715 4339 783 4392 nach
816 4340 864 4394 der
887 4341 1100 4398 Charakteristik
1130 4346 1178 4401 des
1201 4348 1345 4418 Dionysius

220 4418 287 4472 tiber
306 4419 402 4487 Lysias
420 4436 441 4475 c.
462 4421 502 4476 18.
524 4422 615 4479 Reisk.
634 4443 660 4495 p.
678 4427 737 4482 493.
765 4458 798 4467 —
834 4429 913 4485 Nicht
939 4431 1017 4485 ailein
1041 4432 1157 4504 Spmche
1181 4436 1235 4489 und
1263 4437 1344 4492 Form

220 4504 256 4557 ist
275 4503 404 4573 auffallig‚
424 4507 538 4563 sondern
552 4513 620 4564 auch
632 4511 775 4570 besonders
793 4517 938 4573 derlnhalt
955 4517 990 4570 ist
1003 4519 1065 4571 sehr
1081 4520 1343 4577 unwahrscheinlich.
