3142 5036
552 305 853 388 fmus-

168 488 297 532 σοοσιν
325 469 453 535 veroum
476 468 513 533 ad
536 469 619 552 ipsos
643 490 711 535 reos
736 471 898 547 referatur,
929 470 966 533 de
990 471 1100 552 quibus
1120 472 1195 535 solis
1218 471 1317 536 adhuc

168 570 302 636 dixerat
329 575 459 637 orator.“
508 572 578 637 Non
605 575 694 639 video
718 594 771 638 cur
800 573 1010 638 Franckcnius
1030 575 1083 639 hic
1105 572 1316 652 ἐξαιτεῖσθαι

171 672 378 738 infinitivum
401 675 633 758 epexegeticum
655 695 723 740 esse
746 677 865 740 statuat
887 677 979 759 atque
1001 676 1191 760 Thucydidis
1213 677 1317 741 locum

168 781 210 863 (Ι,
224 782 282 859 77,
302 782 340 866 4)
359 781 507 859 conferat,
523 801 594 845 cum
610 783 690 846 nihil
706 783 749 847 sit
765 782 949 865 simplicius,
970 801 1062 864 quam
1077 783 1113 846 ut
1127 783 1316 847 infinitivum

167 900 208 946 ex
234 879 436 964 εἰθισμένοι
458 883 590 967 pendere
612 884 794 948 statuamus.
823 885 918 961 Porro
941 881 1071 946 offendit
1090 881 1318 947 Franckenium

169 988 383 1053 accusativus
403 980 533 1065 αὐτούς,
558 987 639 1069 quod
662 1006 721 1070 quo
743 989 776 1051 in
797 987 936 1070 generali
958 1004 1051 1051 sensu
1071 985 1233 1062 referatur,
1256 1004 1317 1050 non

167 1095 346 1177 appareat,
375 1093 505 1176 ideoque
524 1091 602 1168 τούς
625 1090 808 1177 φεύγοντας
824 1094 879 1156 aut
899 1090 978 1166 τοὺς
998 1084 1143 1166 οἰκείους
1158 1090 1316 1172 exspecta-

167 1196 268 1258 verit.
320 1194 408 1272 Quod
434 1212 506 1258 cum
528 1212 589 1258 non
612 1193 743 1276 legatur,
766 1193 904 1270 „leniore
927 1191 1100 1256 medicina“
1120 1209 1175 1273 pro
1197 1182 1318 1266 αὐτούς

166 1298 254 1375 τοὺς
279 1295 412 1376 αἰτίους
429 1297 595 1382 legendum
617 1318 685 1363 esse
706 1300 835 1375 statuit3
867 1300 926 1365 Sed
949 1298 1045 1381 quid?
1076 1298 1175 1376 Quem
1191 1297 1317 1360 tandem

168 1402 321 1486 effugere
346 1404 450 1486 potest
472 1404 684 1469 accusativum
706 1404 797 1468 illum
820 1405 1009 1469 obiectivum
1032 1396 1154 1478 αὐτούς
1176 1402 1214 1466 ad
1238 1401 1317 1465 nihil

169 1505 283 1582 aliud,
309 1505 373 1570 nisi
392 1505 431 1569 ad
450 1523 541 1569 reos
561 1524 651 1588 posse
666 1506 797 1570 referri?
819 1506 865 1583 id,
884 1506 997 1590 quode
1014 1505 1317 1570 totoillolocoluce

170 1610 224 1671 est
255 1609 385 1673 clarius.
438 1608 516 1673 Cum
539 1609 636 1691 igitur·
662 1609 792 1672 minime
823 1609 1020 1693 indigeamus
1049 1609 1105 1672 illa
1133 1607 1318 1671 Franckenii
1352 1624 1354 1628 ’

172 1714 364 1778 coniectura
387 1714 552 1779 admodum
580 1714 703 1791 audaci,
734 1715 766 1777 in
790 1716 942 1798 scriptura
963 1711 1174 1792 ἐξαιτεῖσθαι
1198 1706 1318 1788 αὐτούς

174 1818 264 1882 hono
289 1817 394 1882 animo
417 1818 672 1901 acquiescendum
695 1820 751 1883 est.

268 1923 289 2002 ᾖ
307 1922 356 1984 13.
379 1914 471 1983 Ὥστ’
490 1922 673 2004 receperunt
688 1921 888 1997 Turioensss,
911 1921 1186 1997 Westennannus,
1210 1917 1317 1984 Schei-

172 2025 267 2100 bius;
292 2020 379 2088 ὥστε
395 2024 613 2102 Marklandus,
637 2025 806 2089 Bekksrus.
844 2023 973 2089 Codices
988 2024 1134 2088 exhibent
1148 2023 1313 2087 Palatinus

173 2123 266 2205 ἴσως
277 2151 323 2204 τε,
336 2128 564 2192 Laurentianus
577 2128 633 2193 καὶ
645 2124 738 2205 ἴσως.
763 2122 1045 2204 Vocabulumt‘ocog
1053 2128 1105 2191 hic
1118 2145 1211 2192 sensu
1223 2128 1317 2203 caret,

177 2235 297 2297 natum
321 2233 425 2295 autern
447 2233 495 2296 est
516 2251 533 2296 c
555 2232 632 2297 vitio
654 2232 788 2309 librarii,
812 2233 989 2315 corruptum
1005 2250 1079 2295 sane
1096 2231 1129 2294 in
1144 2231 1317 2295 maiuscula

176 2334 304 2398 litteris
328 2355 365 2407 ις
385 2333 433 2397 bis
452 2332 564 2415 positis
582 2352 620 2396 ex
641 2327 842 2413 ἄδικοομενο
866 2330 1113 2408 ,ISIS‘QS'I'E
1159 2331 1317 2413 Scriptura

176 2436 391 2501 Laurentiani
417 2435 629 2500 demonstrare
658 2436 738 2499 mihi
767 2435 888 2500 videtur
910 2472 953 2481 -
975 2434 1012 2497 de
1042 2454 1100 2517 quo
1126 2453 1207 2497 nunc
1236 2435 1317 2497 inter

178 2553 295 2598 omnes
321 2534 413 2616 plane
436 2536 559 2599 constat
580 2536 726 2599 -hunc
748 2535 885 2599 codicem
908 2535 1039 2599 minoris
1066 2535 1195 2610 aetatis,
1224 2553 1317 2617 quam

177 2638 367 2702 Palatinum
390 2657 471 2713 esse3
502 2640 595 2703 aliter
615 2640 698 2704 enim
721 2641 799 2705 illud
821 2637 879 2703 καί
900 2641 952 2704 vix
975 2640 1149 2724 explices¹).
1193 2641 1262 2703 Hac
1284 2641 1317 2702 in

178 2743 219 2824 §o
247 2742 457 2806 Franckenius
472 2762 527 2824 pro
543 2738 738 2828 αἰτήσονται
753 2743 822 2808 vult
837 2743 900 2826 legi
916 2738 1149 2827 ἐξαιτήσονται
1164 2743 1215 2806 his
1230 2742 1317 2806 nisus

179 2847 377 2911 rationibus:
410 2844 447 2923 ἐξ
467 2847 499 2909 et
518 2845 552 2909 δι
574 2865 629 2929 per
651 2847 866 2930 compendium
890 2847 1007 2930 scripta
1030 2847 1075 2910 ita
1096 2847 1169 2910 sunt
1190 2844 1316 2921 similia,

182 2953 221 3014 ut
246 2950 296 3014 vix
319 2950 460 3032 dignosci
481 2950 617 3032 possint,
641 2952 700 3014 hoc
723 2951 756 3013 δι
779 2950 888 3015 deinde
910 2951 1062 3015 omissum
1084 2948 1232 3032 estquod
1255 2966 1316 3011 non

185 3050 460 3133 intellegebatur.“
506 3049 566 3113 Sed
589 3068 649 3113 non
671 3049 760 3113 video
783 3068 837 3113 cur
859 3052 972 3131 Lysiae
995 3070 1057 3115 non
1078 3049 1204 3115 licuerit
1224 3049 1316 3114 verbo

154 3218 158 3224 .
184 3155 325 3238 simplici
347 3156 408 3233 uti,
431 3155 615 3236 praesertim
630 3155 701 3236 post
720 3155 928 3237 compositum
942 3154 1117 3237 paulluhnn
1131 3155 1316 3221 antecedens

184 3257 422 3336 ἐξαιτεῖσθαιῖ
482 3256 560 3321 Cum
592 3257 818 3321 Nicomacheae
846 3275 965 3340 quoque
995 3258 1032 3338 §o
1063 3257 1156 3321 tertia
1187 3257 1317 3340 simplex

184 3363 315 3427 verbum
346 3362 522 3426 inveniatur
557 3362 649 3443 atque
683 3362 735 3424 hic
765 3361 915 3444 optimam
946 3359 1134 3423 sententiam
1164 3360 1316 3434 exhibeat,

185 3469 328 3531 Batavus
350 3467 507 3550 argutius,
531 3485 623 3549 quam
643 3466 765 3530 cautius
787 3465 957 3530 coniecisse
979 3462 1164 3528 videtur.-

273 3571 309 3652 §o
333 3571 373 3633 14
394 3570 442 3634 bis
459 3570 635 3633 invenimus
649 3570 742 3634 verba
764 3563 897 3645 ἔτιδὲ,
922 3568 1023 3651 priore
1040 3566 1163 3650 quidem
1179 3567 1246 3633 loco
1262 3587 1316 3632 suo

188 3672 254 3737 iure
278 3673 432 3755 leguntur,
463 3672 561 3736 altero
589 3691 661 3736 vero
691 3673 831 3737 Dobreus
860 3672 1023 3736 Reiskium
1053 3671 1178 3735 secutus
1207 3666 1317 3737 ἔστιδὲ

187 3778 305 3841 rectam
324 3777 592 3858 esse‘scripturam
610 3778 731 3853 censet,
751 3796 826 3841 cum
841 3771 891 3840 ἔτι
908 3776 944 3842 δὲ
963 3796 979 3840 e
995 3777 1150 3860 superiore
1168 3776 1317 3843 fluxisset.
1338 3853 1339 3856 Ἴ

153 3916 155 3921 -
188 3877 259 3945 Ιἔστι
278 3880 314 3947 δὲ
337 3881 512 3963 nuperrime
528 3880 646 3944 Balius
669 3880 803 3963 recepit,
826 3879 1064 3962 Foertschius2)
1087 3897 1120 3944 se
1135 3880 1173 3943 ad
1189 3880 1316 3945 candem

190 3985 357 4067 applicavit
390 3983 574 4066 scripturam
608 3985 687 4046 hanc
728 3982 792 4046 fere
826 4003 998 4067 proponens
1030 3984 1316 4050 ratiocinationem:

190 4085 318 4163 „Altero
341 4085 408 4149 loco
431 4085 524 4148 verba
545 4079 595 4147 ἔτι
617 4082 653 4146 δὲ
675 4085 748 4147 ante
769 4083 852 4170 ῥᾷον
873 4085 955 4148 male
976 4101 1009 4150 se
1030 4085 1162 4159 hahent3
1192 4087 1316 4149 senten·

127 4248 132 4255 .
189 4188 286 4264 „tiam
304 4188 402 4263 enirn,
426 4205 502 4270 quae
522 4206 577 4280 per
599 4179 647 4250 ἔτι
672 4185 860 4267 adiungitur,
886 4187 913 4250 si
931 4207 1001 4251 cum
1016 4188 1217 4270 praecedente
1232 4206 1315 4256 com·

258 4406 286 4472 1)
305 4405 338 4460 cf.
357 4404 475 4473 Emperii
493 4419 583 4472 opusc.
604 4403 695 4471 philol.
713 4420 739 4472 p.
759 4403 801 4458 56.
821 4404 966 4472 Gottingae
985 4404 1060 4459 1847.

247 4498 286 4563 Q)
305 4495 539 4549 Commentationis
559 4494 665 4547 criticas
683 4509 743 4562 pag.
764 4497 805 4549 62.
