3142 5036
710 307 920 368 ..16-

258 472 317 538 Sed
348 473 487 555 quamvis
516 491 532 535 e
560 472 662 544 verbis
692 472 757 536 iliis
784 472 921 554 proxime
951 472 1056 537 allatis
1079 431 1159 537 nihii
1189 475 1226 538 de
1247 494 1382 552 munere,

257 592 315 656 qno
337 574 498 656 Epicrates
520 573 647 636 functus
669 573 731 648 est,
752 570 894 636 concludi
913 589 1002 653 posse
1023 571 1174 649 videatur,
1197 574 1302 638 tamen
1323 576 1384 640 viri

255 676 338 741 docti
359 694 427 741 sese
441 676 627 741 coniecturis
650 675 816 758 quidquam
833 675 1003 739 verisimile
1022 677 1218 742 assecuturos
1236 697 1303 743 esse
1322 699 1383 744 non

256 782 467 865 desperantes,
497 780 598 845 varias
620 780 814 862 protulerunt
842 779 1029 856 sententias,
1060 798 1135 863 quas
1164 799 1245 845 nnnc
1267 766 1383 847 exami-

255 886 372 950 nandas
393 903 608 969 proponamus.
641 883 784 947 Blassius
804 883 841 947 de
861 901 988 963 munere
1002 883 1158 965 Epicratis
1173 885 1253 949 nihil
1268 886 1384 951 certius

256 992 383 1068 statuit,
405 991 467 1055 nisi
488 993 581 1055 haec:
605 991 660 1067 „h
680 990 736 1053 hat
757 988 971 1053 Unterschleif
990 989 1151 1073 begangen
1173 991 1206 1054 in
1229 990 1282 1055 der
1299 992 1383 1055 unh-

254 1116 333 1179 rung
357 1096 441 1159 eines
461 1093 588 1171 Amtos,
615 1094 676 1157 mit
696 1092 847 1157 walchem
868 1092 919 1156 die
938 1091 1086 1157 Aufsicht
1107 1093 1182 1157 noer
1205 1094 1383 1158 offentliohe

255 1198 368 1264 Gelder
387 1196 564 1261 verbunden
585 1200 677 1259 war.“
692 1231 735 1243 -
756 1194 884 1258 Falkius
906 1195 1026 1279 autem,
1049 1214 1192 1278 cumpro
1212 1217 1383 1280 συμπρεσ-

254 1299 380 1380 βευτῶν
407 1317 455 1361 oc
461 1296 690 1382 μποριστῶ
697 1318 714 1357 ν
745 1293 994 1358 substituendum
1024 1312 1091 1359 esse
1124 1295 1273 1373 coniciet,
1308 1296 1382 1379 Epi·

256 1403 373 1466 cratem
395 1402 428 1464 in
448 1399 579 1482 collegio
598 1398 785 1482 poristarum
808 1396 904 1461 fnisse
927 1398 1052 1474 statuit,
1076 1417 1151 1481 qnos
1172 1399 1318 1481 pecunias
1344 1399 1402 1462 ad
1451 1399 1454 1405 ’
1478 1394 1481 1397 ’

256 1500 399 1583 sumptus
420 1497 628 1581 reipublicae
650 1498 840 1561 necessarias
861 1493 1023 1579 procurare
1046 1499 1215 1580 oportebat.
1256 1500 1303 1563 De
1325 1502 1383 1564 hoo

255 1605 443 1687 poristarum
466 1602 597 1685 collegio
618 1603 670 1666 hic
692 1602 826 1666 breviter
849 1620 997 1685 exponere
1020 1602 1123 1668 liccat.

340 1709 378 1771 In
399 1706 532 1770 Belrkcri
555 1705 713 1770 anecdotis
737 1707 829 1789 [pag.
852 1707 924 1783 294,
957 1707 1012 1787 19]
1043 1706 1192 1790 legimus:
1221 1706 1384 1796 πορισταί

257 1803 340 1874 εἰσιν
363 1800 445 1896 ἀρχή
468 1830 519 1883 τις
537 1800 720 1893 Ἀθήνῃσιν
746 1802 820 1891 ἥτις
849 1802 977 1892 πόρους
1006 1803 1123 1892 ἐζήτει.
1168 1809 1239 1874 Non
1269 1810 1383 1875 melius

256 1914 477 1998 Aristophanis
498 1916 657 1978 Ranamm
681 1914 850 1979 scholiasta
880 1914 917 1978 ad
939 1933 1062 1978 versum
1096 1917 1194 1981 1501:
1222 1917 1382 2005 πορισταὶ

258 2011 291 2079 οὶ
320 2012 400 2101 περὶ
422 2012 531 2102 πόρου
548 2011 725 2101 χρημάτων
754 2012 990 2100 responsam.
1041 2017 1131 2083 Nihil
1161 2039 1233 2103 crgo
1261 2024 1382 2086 veteres

257 2116 412 2201 explicant
434 2116 496 2181 nisi
519 2117 598 2200 quod
621 2118 750 2202 quisque
772 2121 913 2184 nostrum
944 2138 980 2184 ex
1004 2121 1072 2203 ipso
1101 2123 1248 2188 vocabuio
1278 2125 1381 2208 explo-

255 2242 323 2289 rare
345 2222 453 2308 possit.
482 2221 610 2289 Diserta
631 2241 736 2289 eorum
755 2225 874 2289 mentio
895 2224 933 2288 fit
954 2225 1003 2289 bis
1025 2226 1149 2290 tantum
1170 2228 1255 2292 intra
1275 2227 1382 2292 decem
1418 2221 1426 2235 '

258 2332 324 2396 iere
346 2351 495 2398 annorum
519 2332 672 2415 spatium:
701 2323 863 2415 Antiphon
892 2333 926 2396 in
957 2332 1094 2396 oratione
1121 2332 1200 2417 περὶ
1226 2336 1288 2399 τοῦ
1308 2337 1382 2398 Xo-

256 2436 392 2523 ρεοτοῦ,
423 2453 515 2518 quam
544 2434 685 2498 habitam
714 2451 781 2496 esse
808 2432 960 2515 Sauppius
992 2433 1064 2514 post
1091 2432 1320 2516 expeditionem
1349 2435 1383 2499 in

258 2535 400 2602 Siciliam
423 2535 540 2600 factam
560 2554 640 2600 anno
663 2536 725 2598 413
747 2534 797 2599 vel
819 2534 1003 2618 paulopost
1032 2535 1233 2618 sagacissime
1264 2536 1382 2600 consti-

258 2640 369 2722 suin),
391 2641 467 2703 haec
490 2638 568 2703 dicit
580 2641 622 2722 ’μ
647 2635 767 2715 οἵτινες
789 2635 846 2702 καὶ
859 2639 916 2703 νῦν
936 2634 1115 2726 τριάκοντα
1138 2642 1223 2720 μνᾶς
1237 2634 1291 2706 ἐπ’
1307 2639 1383 2723 ἐμοὶ

258 2737 418 2820 λαβόντες
447 2737 541 2826 παρὰ
571 2742 636 2803 τῶν
668 2740 836 2826 ποριστῶν
859 2737 915 2804 καὶ
944 2740 1010 2803 τῶν
1041 2739 1204 2825 arnamar
1234 2737 1291 2806 καὶ
1318 2744 1383 2806 τῶν

258 2836 457 2929 πρακτόρων
486 2838 543 2907 καὶ
570 2842 635 2904 τῶν
658 2835 948 2930 ὑπογραμματέων
978 2842 1047 2907 κτλ.
1096 2846 1134 2910 In
1163 2845 1383 2930 Aristophanis

258 2941 365 3019 Bonis,
388 2959 464 3024 quas
486 2960 566 3006 anno
588 2943 650 3006 406
673 2942 742 3025 (Ol.
765 2945 815 3019 93,
838 2943 878 3026 3)
910 2943 1017 3010 dootm
1049 2964 1117 3011 csse
1138 2949 1268 3025 scimus,
1291 2967 1382 3014 versu

263 3045 344 3109 1505
367 3063 437 3109 cum
466 3044 572 3129 legum
599 3038 833 3135 ἄναγραφεῦσν
862 3050 948 3133 carpi
975 3050 1128 3116 videntur.
1152 3072 1155 3077 ⁴
1177 3052 1383 3135 Antiphontis

259 3150 353 3214 uerba
375 3150 420 3214 ita
441 3153 618 3235 comparata
642 3155 724 3229 sunt,
746 3154 782 3218 ut
804 3154 871 3219 eius
892 3155 995 3221 aetate
1017 3153 1182 3243 ποριστάς
1203 3157 1300 3223 fuisse
1315 3177 1382 3222 ma-

260 3255 430 3339 gistratum
453 3256 663 3321 certissimum
685 3258 737 3333 sit,
761 3257 814 3321 sed
837 3276 853 3321 e
874 3258 1097 3325 Demosthenis
1119 3260 1203 3337 loco,
1236 3263 1289 3343 qui
1311 3263 1381 3328 illos

261 3381 303 3426 or.
324 3362 379 3427 IV.
408 3363 446 3445 §o
472 3363 606 3428 XXXHI
633 3364 872 3429 commemorat:
901 3368 965 3428 τῶν
992 3364 1053 3446 μὲν
1079 3362 1257 3449 χρημάτων
1286 3359 1384 3431 αὐτοὶ

257 3458 378 3542 ταμίαι
400 3463 457 3528 καὶ
480 3459 643 3551 πορισταί
672 3464 753 3528 nihil
783 3464 820 3527 de
850 3464 934 3528 certo
963 3464 1089 3528 illorum
1118 3466 1293 3548 temporum
1314 3485 1382 3531 ma-

260 3568 395 3650 gistratu
425 3567 508 3632 effici
536 3568 648 3651 potest.
699 3568 861 3650 Angustus
890 3567 1057 3644 Boethius,
1088 3569 1141 3649 qni
1170 3569 1204 3633 in
1231 3570 1383 3634 eiusmodi

258 3671 349 3736 rebus
373 3688 495 3734 summa
517 3670 702 3736 anctoritate
725 3671 783 3747 est,
802 3669 905 3752 aperte
927 3667 960 3731 id
982 3668 1142 3734 confessus
1165 3671 1228 3735 est:
1241 3671 1266 3753 ⁸)
1287 3670 1384 3747 „Hoc

261 3777 384 3841 tanturn
407 3795 423 3839 e
445 3776 581 3840 vhomm
603 3776 762 3842 doctorum
772 3775 799 3858 ⁴)
820 3773 1133 3857 pervestigationibus
1155 3777 1246 3859 atque
1268 3774 1305 3839 de
1327 3773 1383 3836 illo

329 4011 357 4077 1)
379 4008 452 4063 Orat.
472 4014 521 4062 att.
542 4006 610 4074 Hp.
628 4006 685 4062 144.

130 4098 134 4106 ’
206 4152 209 4156 ,
326 4114 353 4181 a)
372 4127 411 4168 or.
431 4112 477 4180 vx,
502 4112 576 4180 §aa

330 4221 358 4287 3)
377 4216 594 4274 Staatshaushalt
611 4216 659 4271 der
676 4213 740 4272 Ath.
759 4214 779 4270 I.
801 4231 828 4284 p.
846 4214 897 4270 225
915 4230 957 4270 no.
976 4230 998 4269 c.

328 4327 356 4396 4)
375 4328 497 4396 Egerunt
520 4327 626 4383 omnino
650 4327 683 4381 de
712 4326 757 4382 illo
781 4326 941 4396 poristarum
970 4341 1078 4381 munere
1107 4331 1213 4394 praeter
1235 4321 1385 4378 Boekhium

181 4421 183 4427 ’
260 4411 458 4466 Schoemannus
483 4410 581 4479 grieoh.
599 4412 760 4467 Alterthum.
785 4430 811 4482 p.
831 4413 940 4468 443110.
965 4415 989 4467 3.
1012 4411 1045 4465 K.
1071 4410 1102 4464 F.
1127 4409 1262 4479 Hermann
1285 4408 1384 4475 griech.

259 4493 458 4548 Staatsalterth.
479 4497 493 4558 ξ
512 4495 571 4558 151,
590 4498 615 4549 2.
634 4495 677 4550 W.
698 4495 873 4552 Wachsmnth
892 4494 952 4548 hell.
973 4491 1122 4548 Altorthsk.
1141 4491 1174 4544 11.
1193 4507 1218 4557 p.
1237 4492 1297 4545 209.
