3142 5036
644 298 857 362 ..37-

185 469 281 533 illum
303 469 406 533 lahem
429 467 620 532 contraxisse
641 467 813 551 putandum
836 469 898 545 ost,
921 467 1062 551 equidem
1087 467 1267 551 δεδεῆσθαι
1286 470 1319 532 1ο
1380 485 1384 492 ’

185 572 310 636 textum
332 570 427 636 velim
449 571 585 654 recipere
598 572 633 654 ¹).

274 674 377 739 Huius
399 674 583 759 paragraphi
602 692 694 740 sensu
709 678 758 741 ast
773 673 955 755 simillimus
972 674 1058 740 locus
1075 675 1318 743 Nicomaoheae:

184 783 247 864 §us
269 781 319 844 35.
351 779 436 858 Quae
458 797 529 844 cum
551 780 596 844 ita
616 780 690 859 sint,
711 781 923 846 Franckenius
939 782 972 845 in
987 780 1195 848 Nicomachea
1214 784 1319 849 omnia

184 884 247 948 illa
262 884 349 967 apta,
372 883 405 948 in
423 883 588 968 Epicrates
609 883 712 949 alieno
732 882 800 949 loco
821 885 940 950 inserta
955 902 1023 950 esse
1042 886 1217 965 contendit,
1239 888 1319 971 quod

185 1005 265 1049 num
294 1003 401 1050 verum
430 985 486 1063 sit,
516 984 650 1050 breviter
678 983 773 1049 liceat
802 984 958 1069 indagare.
1009 986 1112 1052 Verba
1135 988 1258 1052 exstant
1286 989 1319 1052 in

184 1090 524 1156 Nicomaeheahaeoe:
548 1082 672 1175 ἡμεῖς
691 1088 752 1173 μὲν
771 1086 920 1155 τοίνυν
943 1086 1017 1157 οὐκ
1039 1085 1320 1178 ἠθελήσαμεν

185 1184 258 1257 ὑπὸ
282 1187 408 1255 τούτων
431 1183 623 1273 ἀξιούμενοι
647 1193 842 1276 πεισθῆναι,
867 1188 906 1256 τὸ
929 1184 1057 1258 δἀἀτό
1081 1195 1182 1258 τοῦτο
1206 1217 1318 1282 τιαρο-

183 1295 354 1379 καλοῦμεν
373 1288 469 1378 open.
507 1297 544 1360 In
565 1294 728 1380 Epicrates
749 1294 901 1380 legimus:
931 1289 1055 1381 ἡμεῖς
1076 1297 1151 1381 μὲν
1172 1293 1321 1363 τοίνυν

186 1395 266 1468 οὐκ
286 1396 544 1489 ἠθελήσαμεν
560 1401 757 1491 προδοῦναι,
774 1395 932 1485 ἀξιοῦμεν
950 1401 987 1469 δὲ
1008 1396 1087 1488 μηδ’
1099 1396 1194 1487 ὑμᾶς.
1218 1404 1320 1469 Verba

186 1509 415 1576 Nicomacheae
428 1508 619 1573 Franckenio
633 1508 776 1573 videntur
791 1506 931 1586 meliora,
947 1526 1040 1592 quam
1051 1507 1243 1592 Epicratem,
1263 1508 1317 1572 sed

185 1614 225 1678 ut
247 1631 317 1677 mea
332 1610 456 1695 quidem
478 1610 540 1675 fert
555 1608 674 1693 opinio,
694 1609 787 1674 verba
805 1601 871 1672 ὑπὸ
885 1602 1012 1672 τούτων
1027 1600 1221 1690 ἀξιούμενοι
1235 1608 1318 1671 inter

188 1707 405 1801 ἠθελήσαμεν
417 1714 449 1776 et
463 1711 653 1777 infinitivum
670 1708 893 1794 dependentem
909 1727 945 1774 ex
959 1728 995 1775 eo
1011 1712 1194 1794 πεισθῆναι
1207 1709 1319 1792 posita,

187 1834 281 1880 nemo
303 1813 503 1890 desiderabit,
533 1831 605 1877 cum
627 1828 720 1897 supra
742 1810 805 1874 iam
830 1811 1005 1894 exposuerit
1032 1812 1152 1877 oratore
1206 1812 1244 1895 §o
1268 1811 1319 1875 34.

188 1915 303 1984 πολλὰ
319 1916 496 2003 δεηθέντες
517 1917 581 1981 τῶν
603 1909 797 2003 κατηγόρων
812 1908 899 2000 ἡμᾶς
915 1908 1071 1998 satrapas
1084 1911 1235 1982 ἔπεισαν.
1259 1917 1319 1980 At·

187 2037 249 2105 que
265 2019 379 2103 inipso
394 2019 486 2083 verbo
501 2010 616 2093 ἀξιοῦν
629 2015 753 2101 passive
767 2015 916 2092 adhibito,
936 2016 973 2079 de
987 2016 1075 2081 cuius
1091 2017 1177 2082 varia
1194 2019 1227 2081 et
1240 2017 1321 2081 mira

187 2125 316 2191 notione
338 2125 404 2208 egit
424 2121 688 2208 Buttmannus²)‚
719 2141 780 2187 non
801 2140 871 2186 rara
893 2140 970 2186 ansa
991 2122 1041 2186 est
1062 2121 1233 2187 dubitandi.
1263 2122 1320 2187 Ni·

188 2225 375 2290 comacheae
398 2223 503 2288 autem
526 2223 628 2288 locum
650 2221 698 2287 sic
714 2222 747 2286 in
765 2222 905 2305 lingmm
920 2221 1118 2287 vernaculam
1140 2222 1223 2288 tradi
1245 2242 1321 2306 opus

187 2332 255 2395 est:
292 2329 382 2406 „Wir
411 2329 511 2397 haben
540 2348 599 2394 uns
628 2328 717 2393 nicht
737 2326 907 2392 uboneden
936 2327 1041 2392 lassen
1063 2328 1191 2406 wellen,
1221 2329 1320 2394 obwol

188 2434 249 2499 wir
270 2452 330 2498 von
360 2433 455 2496 ihnen
477 2430 687 2515 anigefordert
709 2431 864 2496 wurden.“
903 2428 1035 2508 Ἀξιοῦν
1056 2432 1138 2496 haud
1160 2451 1229 2496 raro
1252 2432 1320 2516 qui-

187 2537 262 2601 dem
283 2535 461 2620 postulandi
482 2535 640 2600 notionem
661 2537 775 2600 hahere
791 2536 903 2600 docent
925 2535 1001 2600 loci:
1023 2535 1106 2601 Plat.
1121 2537 1242 2601 Manen.
1257 2539 1320 2602 239

189 2630 252 2702 οὐκ
274 2631 430 2719 ἀξιοῖμεν
453 2632 619 2703 δεσπόται
635 2629 721 2703 εἶναι
741 2639 810 2703 κτλ.
833 2639 916 2704 Plat.
937 2640 1027 2723 Apol.
1045 2642 1085 2705 19
1101 2642 1141 2705 Ι).
1155 2642 1318 2707 Demosth.

187 2743 268 2809 Mid.
290 2744 383 2826 §143
409 2763 484 2807 num
506 2762 577 2808 vero
599 2744 721 2828 saepius
744 2743 823 2809 illud
844 2745 972 2810 verbum
994 2745 1086 2809 abeat
1107 2745 1140 2808 in
1162 2745 1320 2810 notionem

189 2843 416 2928 „provocandi‘
438 2844 489 2910 vel
511 2845 675 2929 „petendi‘
699 2845 842 2929 equidem
864 2845 1079 2911 dubitaverim.
1109 2882 1152 2893 —
1185 2847 1222 2910 In
1244 2847 1319 2931 Epi-

189 2951 312 3015 crateae
335 2951 596 3015 verbisoffendat
627 2951 759 3015 fortasse
788 2951 868 3019 illud
891 2951 1077 3036 προδοῦναι
1099 2951 1167 3016 sine
1194 2970 1320 3017 accusa·

188 3055 256 3121 tivo
286 3055 438 3120 obieetivo
466 3055 619 3137 positum,
657 3072 727 3117 cum
757 3054 791 3116 in
815 3052 1025 3117 Nicomachea
1053 3054 1168 3120 aoristo
1198 3055 1320 3140 passivo

189 3159 375 3242 πεισθῆναι
402 3157 540 3222 adhibito
571 3157 652 3221 nihil
680 3156 910 3221 desideraveris.
961 3156 1021 3222 Sed
1049 3159 1155 3223 tamen
1183 3161 1216 3224 in
1243 3161 1317 3244 Epi·

189 3261 296 3326 craten
324 3261 476 3326 facillimo
509 3260 651 3345 suppleas
686 3279 722 3324 ex
756 3258 1008 3324 antecedentibus
1039 3263 1250 3328 accusativum
1279 3260 1321 3327 τά

189 3357 352 3452 ὑμέτεροι
375 3359 425 3430 ἔτι
446 3363 483 3430 δὲ
504 3364 587 3454 ῥᾷον
609 3354 732 3441 ἀλλους
746 3359 840 3439 τινάς
861 3359 910 3426 τά
929 3355 1116 3449 ὑμέτερα
1137 3362 1321 3454 καταχαρί-

191 3469 312 3550 ζεσθαι
335 3461 357 3556 ἢ
377 3462 464 3552 ἀμοῖς
487 3463 608 3547 αὐτούς
630 3490 677 3557 γε·
699 3463 801 3556 ἡμεῖς
821 3467 882 3552 μὲν
897 3464 1008 3533 τοίνυν
1025 3462 1084 3532 οὐκ
1105 3460 1322 3555 ἠθελήσαμεν

190 3568 377 3656 προδοῦναι
401 3588 443 3633 so.
465 3565 513 3632 τὰ
533 3563 731 3656 ὑμέτερα.
765 3568 844 3633 Tota
866 3586 937 3632 vero
959 3568 1036 3632 haec
1057 3566 1200 3652 periodus
1224 3561 1318 3652 ἡμεῖς

190 3668 252 3740 οὐκ
274 3669 489 3761 ἠθελήσαμεν
514 3713 557 3723 -
586 3668 741 3756 ἀξιοῦμεν
771 3673 808 3739 δὲ
834 3668 913 3760 μηδ’
938 3667 1023 3759 ὑμᾶς
1052 3675 1184 3760 Lysiaeo
1213 3677 1321 3761 generi

191 3776 313 3842 dicendi
327 3777 449 3842 videtur
465 3777 643 3861 aptissima,
666 3776 784 3842 etenim
799 3777 875 3840 haec
892 3775 1059 3842 antithesis
1074 3777 1140 3843 tam
1156 3777 1205 3842 est
1220 3779 1320 3857 acuta,

191 3881 228 3944 ut
256 3879 389 3943 chiasmi
417 3879 548 3963 figuram
579 3878 739 3963 praebeat,
769 3878 820 3942 cui
847 3877 964 3961 figurae
994 3878 1131 3962 optimus
1160 3879 1213 3944 hic
1234 3879 1320 3945 locus

259 4089 286 4154 1)
306 4087 365 4141 Hac
383 4088 411 4142 in
429 4091 460 4156 §o
482 4088 609 4145 exhibent
627 4088 676 4143 libi
701 4086 827 4162 ὑμέτερα.
868 4087 922 4144 Sed
940 4087 1082 4145 Westerm.
1104 4089 1193 4148 Turio.
1212 4091 1319 4148 Scheih.¹

190 4173 331 4229 articulum
347 4179 459 4242 ponunt,
477 4189 539 4229 nam
556 4181 598 4230 est
615 4174 782 4230 necessarius
805 4175 854 4228 cfr.
876 4173 1000 4243 Krueger
1017 4177 1032 4243 §
1049 4174 1137 4254 5111
1162 4206 1195 4217 -
1218 4175 1319 4239 αὐτούς

190 4276 223 4329 με
241 4256 343 4312 habent
360 4272 449 4313 omnes
467 4256 525 4313 fere
542 4257 683 4326 editiones3
702 4257 759 4313 cod.
778 4258 835 4314 Pal.
854 4274 870 4314 e
888 4258 1002 4327 Kayseri
1020 4259 1080 4315 leot.
1095 4258 1162 4316 αὑτό
1180 4280 1222 4333 με,
1241 4260 1312 4329 quod

189 4347 443 4505 semtiegelrtnosth.
469 4441 535 4491 orat.
560 4438 588 4492 in
611 4434 722 4490 Midiam
746 4433 787 4490 ed.
807 4434 911 4503 Philipp
933 4435 1087 4501 Buttmann,
1114 4434 1205 4490 Berlin
1231 4433 1307 4490 1864.

93 4541 96 4546 ·
189 4526 223 4580 ct'.
244 4524 360 4579 Iudicem
378 4540 439 4593 pag.
461 4525 511 4581 165
532 4542 571 4596 sq.
