3142 5036
1293 1010 1360 1073 „iu

318 1182 449 1248 Ioannes
476 1183 570 1249 Mart'
595 1203 632 1248 us
653 1183 826 1249 Hentsehel
849 1168 1040 1249 natussum
1070 1184 1107 1249 in¹
1132 1188 1279 1252 Lusatiae
1303 1189 1370 1252 da.

237 1291 364 1354 nenicae
387 1291 540 1374 oppidulo,
564 1290 642 1374 qued
665 1292 827 1369 ‚Pulsnitu‘
849 1293 985 1369 vocatur,
1013 1292 1076 1358 Cal.
1100 1295 1172 1369 Iun,
1191 1295 1264 1357 anni
1286 1296 1316 1357 h.
1340 1315 1366 1358 a
1449 1294 1471 1339 ‘-

234 1395 276 1457 IL
299 1396 387 1477 patre
411 1395 582 1472 (dunelmo,
605 1396 705 1459 matre
726 1396 870 1478 Augusta
892 1415 908 1459 e
929 1399 1022 1479 gente
1044 1399 1086 1463 W
1087 1397 1230 1476 elffiane,
1252 1383 1364 1481 quibus
1446 1400 1488 1477 F

238 1497 337 1561 adhue
366 1499 446 1563 vivis
478 1517 514 1562 ex
544 1500 647 1574 anime
678 1500 784 1563 laeter.
838 1501 948 1565 Fidem
970 1503 1115 1585 profiteor
1143 1494 1363 1587 evangelicam.

236 1699 398 1762 literarum
418 1699 605 1763 rudimentis
627 1700 658 1763 in
680 1700 898 1782 progymnasie
917 1701 1009 1764 huius
1030 1702 1116 1765 urbis
1131 1701 1269 1765 imbutus
1283 1721 1363 1765 anno

233 1802 476 1868 MDOOOLXHI
498 1804 530 1868 in
553 1805 691 1869 scholam
713 1805 934 1888 provincialem
957 1804 1158 1884 ,Afranenm‘,
1187 1806 1267 1888 qued
1294 1808 1362 1870 tum

232 1909 394 1973 Fredcrice
413 1909 547 1973 Frankie
566 1911 685 1974 rectore
701 1910 839 1987 florebat,
861 1930 929 1974 sum
945 1913 1095 1992 receptus.
1132 1911 1363 1975 Conrrneratnm

232 2031 282 2076 me
310 2013 355 2077 ibi
384 2030 437 2095 per
460 2033 522 2111 sen
539 2032 650 2115 annosa,
663 2014 790 2096 egregia
821 2013 985 2095 disciplina
1013 2014 1063 2077 Fr.
1091 2013 1219 2077 Frankii
1249 2024 1362 2096 magne

153 2187 155 2191 .
238 2116 423 2179 Graecarum
455 2116 487 2178 ct
515 2117 725 2180 Romanarum
754 2116 916 2196 literarum
946 2133 1050 2181 amere
1073 2115 1223 2197 implerit.
1270 2117 1377 2180 Anrre·

233 2214 261 2276 h.
287 2232 310 2277 s.
334 2213 435 2277 LXIX
462 2214 655 2278 maturitatis
683 2213 863 2277 testimonie
895 2212 1066 2275 instructus
1089 2211 1278 2277 academiam
1306 2214 1362 2277 Li·

232 2319 389 2401 psiensem
411 2319 488 2396 adii,
508 2321 544 2383 nt
564 2319 601 2383 ad
623 2319 813 2402 philologiae
841 2319 872 2381 et
894 2318 1043 2382 historiae
1074 2318 1211 2381 studium
1233 2337 1283 2382 me
1307 2334 1361 2401 ap-

232 2420 389 2503 plicarem.
434 2420 511 2484 enm
534 2421 578 2484 ibi
600 2421 663 2484 iam
687 2412 862 2504 perseniae
892 2438 945 2483 sen
966 2439 1089 2483 menses
1110 2420 1271 2484 Ilterarum
1294 2405 1324 2484 st
1346 2457 1361 2469 ·

233 2526 294 2588 diis
317 2525 542 2601 incubuissem,
563 2524 708 2589 valetudo
730 2525 836 2589 morbo
859 2524 978 2601 affecta,
1001 2525 1037 2587 ut
1059 2524 1127 2588 octe
1150 2524 1215 2587 fere
1237 2541 1360 2588 menses

1456 1542 1476 1573 λ’
1484 1564 1490 1573 .

237 1595 315 1658 Cum
344 1597 432 1678 pater
464 1614 544 1659 anno
574 1597 605 1659 h.
628 1616 652 1659 s.
672 1597 743 1659 LVI
773 1597 929 1660 Misenam
957 1599 1227 1681 transmIgrasset,
1253 1601 1365 1682 primis

159 2708 162 2711 ¹
234 2631 271 2695 ah
302 2631 459 2694 academia
487 2631 624 2697 remeius
653 2631 686 2693 in
720 2649 799 2712 page
835 2630 1024 2712 [thuringiae
1060 2647 1273 2706 commorarer,
1309 2647 1360 2691 me
1452 2687 1454 2690 ,

234 2737 345 2819 coegit,
395 2735 614 2800 Cerreberatns
649 2734 721 2817 inde
754 2734 817 2801 eal.
844 2716 919 2799 Mai.
943 2734 1024 2799 ,anni
1053 2736 1082 2803 h,
1116 2754 1140 2796 s.
1164 2733 1301 2805 LXXIII
1321 2733 1359 2796 ad

233 2845 336 2909 studim
358 2845 456 2908 denuo
480 2843 608 2907 colenda
630 2843 770 2925 LipsIam
793 2843 917 2914 reuerti.
955 2841 1088 2906 Interfui
1107 2843 1212 2905 autem
1235 2841 1359 2917 scholis,

235 2967 311 3030 quas
333 2948 507 3011 habuerunt
528 2946 588 3010 viri
611 2946 785 3010 doctissimi
814 2945 850 3010 G.
874 2945 1016 3022 Cautius,
1046 2945 1252 3021 Ritschelius‚
1275 2945 1358 3008 Lan-

231 3051 321 3132 giuS,
352 3048 512 3130 Veigtins,
542 3047 682 3130 Lipsius,
705 3046 917 3123 holstenius,
940 3045 1123 3122 Zarnchius,
1145 3043 1360 3119 Drebischius,

232 3147 405 3225 Wutthius,
428 3148 676 3231 Struempellius.
728 3147 835 3212 Socius
869 3146 915 3209 fui
943 3146 1067 3228 perbis
1090 3163 1142 3208 sex
1164 3162 1287 3209 menses
1308 3163 1358 3208 se-

233 3252 356 3318 cietatis
379 3253 584 3336 philologioae
599 3251 780 3327 Ritschelii,
803 3240 1020 3332 proseminarii
1040 3248 1236 3330 philologici,
1260 3249 1358 3313 secie-

233 3355 309 3418 tatis
333 3354 368 3419 d.
385 3355 507 3438 Voigtii
528 3355 710 3430 historicae,
732 3372 787 3435 per
807 3354 971 3436 quinquies
995 3372 1047 3416 sex
1070 3369 1192 3418 menses
1216 3355 1359 3419 societati

231 3462 254 3524 Ι.
274 3442 441 3544 Enipea
464 3460 655 3542 antiquariae
684 3458 799 3523 sedalis
821 3458 1064 3541 adscriptusfui
1093 3478 1149 3523 nec
1181 3480 1241 3525 uon
1263 3460 1358 3524 serni·

233 3567 354 3630 narium
391 3562 633 3648 paedagogicum
676 3563 848 3626 Ecksteinii
876 3582 929 3645 per
969 3564 1017 3626 ter
1058 3577 1109 3626 sex
1141 3581 1264 3628 menses
1295 3583 1357 3653 soc.

232 3669 294 3732 ord.
318 3667 520 3750 frequentavi.
576 3665 694 3744 Quibus
710 3666 792 3737 ,piris
815 3666 958 3730 omnibns
981 3665 1101 3730 debitas
1120 3667 1217 3731 haheo
1240 3654 1381 3749 gratias⁸

232 3785 411 3851 semperque
433 3767 483 3849 pie
506 3768 609 3832 arrime
631 3767 758 3832 habebo.
783 3803 825 3811 -—
1324 3779 1326 3783 ·

1370 3888 1426 3931 ab*
1479 3920 1484 3925 .
