3142 5036
636 1097 966 1267 onrurr.

327 1635 374 1696 De
399 1653 531 1718 persona
561 1626 823 1720 ,,Ἐπικράτονς“
852 1633 987 1699 multum
1018 1635 1100 1698 inter
1130 1623 1163 1699 se
1194 1636 1370 1720 discrepant

243 1738 404 1801 hominum
420 1737 578 1803 doctorum
599 1738 785 1815 sententiae,
807 1738 912 1802 utrum
934 1757 1013 1802 unus
1034 1739 1100 1804 illis
1122 1740 1311 1823 temporibus
1330 1761 1369 1805 an

242 1844 361 1928 plures,
378 1846 489 1927 quibus
504 1865 616 1910 nomen
632 1845 711 1909 illud
725 1844 836 1922 fuerit,
853 1845 995 1909 homines
1012 1845 1076 1909 sint
1093 1845 1259 1910 statuendi.
1285 1847 1374 1919 Inter,

243 1949 379 2012 oratores
400 1936 482 2012 enim
500 1949 586 2014 illius
600 1948 750 2032 temporis
765 1948 908 2031 aequales
923 1949 955 2012 et
970 1948 1081 2030 Lysias
1098 1949 1130 2012 et
1141 1949 1368 2014 Demosthenes

243 2050 399 2132 Epicratis
428 2050 589 2115 cuiusdam
618 2050 810 2115 mentionem
839 2049 972 2127 faciunt,
1002 2051 1055 2133 qui
1083 2051 1143 2115 viri
1172 2052 1277 2114 utrum
1306 2050 1369 2114 sint

243 2151 371 2227 diversi,
401 2170 440 2215 an
469 2170 549 2215 unus
579 2151 672 2234 atque
699 2151 797 2228 idern,
828 2150 964 2215 nondum
986 2152 1063 2215 satis
1091 2151 1208 2234 liquido
1231 2152 1367 2226 constat3

241 2255 444 2338 respiciamus
466 2255 565 2337 igitur
590 2255 675 2320 locos
701 2247 812 2339 quibus
834 2274 947 2319 nomen
975 2255 1054 2320 illud
1081 2247 1300 2342 Ἐπικράτους
1319 2258 1368 2321 in-

209 2359 373 2435 .venitur,
396 2360 520 2429 utrem
542 2359 630 2423 illam
652 2360 814 2423 obscuram
837 2361 998 2424 enucleare
1021 2378 1176 2424 conemur.
1219 2362 1368 2426 Veterum

242 2462 347 2525 autem
370 2461 556 2544 scriptorum
579 2462 640 2526 loci
667 2463 740 2526 sunt
761 2463 848 2526 hice:

325 2547 546 2626 Demosthenis
576 2562 725 2627 orationis
754 2563 790 2626 de
821 2561 902 2628 falsa
931 2564 1086 2646 legatione
1116 2563 1241 2628 habitae
1265 2563 1366 2646 [XIX]

241 2668 298 2749 §us
319 2668 399 2731 276:
432 2664 530 2730 Κατὰ
553 2669 651 2731 τοῦτο
679 2663 718 2731 τὸ
749 2662 913 2756 ψήφισμα
938 2668 1005 2732 τῶν
1036 2669 1210 2755 πρέσβεων
1236 2661 1368 2733 ἐκείνων

242 2764 336 2852 ὑμεῖς
358 2765 509 2834 θάνατον
536 2770 733 2855 κατέγνωτε,
762 2757 809 2834 ὦν
834 2759 883 2846 εἷς
909 2760 949 2856 ἦν
968 2765 1183 2856 Ἐπικράτης,
1215 2765 1296 2859 οἷνὴρ
1322 2762 1367 2845 ὡς

240 2873 303 2961 ἐγω
318 2877 382 2940 τῶν
405 2873 638 2962 πρεσβυτέρων
660 2870 770 2940 ἀκούω
792 2873 978 2951 σπουδαῖος
998 2871 1055 2939 καὶ
1073 2873 1185 2940 πολλὰ
1205 2872 1365 2963 χρήσιμος

239 2983 282 3067 τῇ
303 2974 404 3044 πόλει
424 2976 481 3043 καὶ
501 2981 567 3043 τῶν
586 2977 622 3044 ἐκ
643 2981 813 3064 Πειραιῶς
831 2974 1086 3064 καταγαγόντων
1107 2978 1163 3045 τὸν
1186 2980 1291 3066 δῆμον
1311 2974 1365 3042 καὶ

240 3076 350 3160 ἄλλως
372 3080 549 3168 δημοτικός
581 3086 614 3148 et
642 3086 784 3168 sequenti
806 3085 997 3168 paragrapho
1021 3086 1130 3168 [280];
1170 3079 1365 3167 ὑπομενεῖτε

238 3180 297 3247 τὸν
319 3181 379 3265 μὲν
401 3178 575 3270 εὐεργέτην
595 3183 652 3249 καὶ
673 3183 730 3248 τὸν
752 3181 788 3248 ἑκ
810 3185 981 3268 Πειραιῶς
994 3178 1194 3272 Ἐπικράτην
1214 3183 1366 3250 ἐκπεσεῖν

239 3286 296 3353 καὶ
310 3288 539 3373 uetustam,-
562 3291 721 3373 Epicrates
742 3309 812 3354 oum
829 3291 922 3356 sociis
938 3292 1104 3375 legationis
1119 3292 1220 3373 capite
1238 3291 1365 3353 damna-

238 3395 291 3457 tus
314 3395 377 3471 est,
400 3395 478 3478 quod
498 3396 621 3478 legatus
643 3397 751 3460 contra
771 3396 877 3478 populi
897 3397 982 3460 iussa
1003 3396 1128 3477 egisset,
1150 3394 1231 3457 falsa
1252 3411 1365 3455 renun-
1404 3420 1407 3426 ·

238 3500 364 3576 tiasset‚
388 3502 487 3565 socios
508 3519 563 3582 per
586 3501 775 3565 calumniam
796 3500 1017 3575 accusavisset‚
1041 3499 1120 3562 dona
1142 3496 1312 3577 accepisset
1322 3498 1364 3579 ¹);

240 3604 292 3668 sed
324 3624 395 3669 oum
423 3606 498 3670 urbe
527 3624 598 3669 eum
628 3606 790 3689 expulsum
819 3624 887 3669 esse
916 3605 1018 3668 orator
1046 3602 1145 3676 dicat,
1177 3600 1362 3684 supplicium

238 3704 316 3768 illud
337 3705 374 3768 de
396 3724 431 3769 eo
453 3725 515 3769 non
531 3707 691 3788 sumptum
713 3724 780 3769 esse
802 3704 932 3768 vitetur.
964 3701 1048 3778 Quae
1064 3701 1189 3783 quidem
1207 3703 1364 3767 accusatio

238 3809 337 3873 multo
360 3810 432 3873 ante
451 3827 567 3874 annum
587 3810 659 3887 343,
684 3829 743 3892 quo
765 3825 845 3871 anno
873 3805 1094 3868 Demosthenis
1117 3805 1154 3869 da
1177 3804 1258 3871 falsa
1277 3808 1363 3890 lega-

237 3912 322 3976 tione
343 3912 450 3977 habita
472 3915 520 3977 est
542 3913 685 3997 oratio²)‚
712 3912 796 3975 facta
818 3909 880 3985 est,
904 3908 984 3990 quod
1007 3911 1109 3975 orator
1131 3911 1221 3976 dicit:
1244 3914 1281 3995 §o
1302 3915 1363 3978 277

236 4009 283 4092 ὡς
312 4013 375 4099 ἐγώ
404 4018 470 4080 τῶν
500 4014 807 4103 πρεσβυτέρων
837 4005 949 4075 ἀκούω
980 4002 1018 4076 et
1037 4014 1074 4097 §o
1097 4017 1160 4080 280
1189 4014 1247 4081 κατ’
1275 4039 1364 4092 τινες

236 4112 346 4182 αὐτῶν
366 4112 430 4183 ἔτι
455 4117 622 4197 ζῶντες.

303 4386 330 4450 1)
350 4387 364 4451 §
382 4384 433 4438 278
452 4388 479 4437 et
495 4385 511 4448 ξ
529 4383 593 4438 279.

303 4469 506 4532 aracusios
524 4469 615 4527 histor.
633 4482 737 4541 graeca.
756 4470 805 4526 vol.
823 4473 863 4527 III
880 4489 904 4547 p.
924 4475 986 4533 652.
