3142 5036
681 294 893 356 „27-

307 462 325 544 ξ
347 464 376 524 2.
421 460 521 525 Codex
543 461 705 527 Palatinus
728 463 782 526 XK
798 462 842 543 (id
865 464 913 527 est
936 483 952 526 e
974 463 1106 546 Kayseri
1128 464 1274 545 lectione)
1297 483 1348 526 ex·

216 564 308 627 hibet
330 562 465 647 σλῆένας
489 565 520 627 et
540 566 669 630 eandem
696 568 802 630 notam
825 568 857 630 in
887 567 1027 649 margine
1041 568 1082 650 1);
1113 566 1141 631 si
1171 566 1348 631 Scheibium

219 667 387 749 sequimur,
416 669 487 749 post
517 666 651 752 πλῆθος
678 669 789 734 lacuna
802 670 982 735 ’statuenda
1011 670 1068 733 est.
1104 669 1350 734 ‘Animadvertit

218 771 415 851 Dobreus²lz
446 769 593 835 Conferas
614 770 834 853 Aristophanis
853 772 984 855 Equites
1007 792 1035 836 v.
1059 773 1189 853 1355⁸),
1212 773 1348 835 ceterum

218 871 350 937 mutilus
372 872 457 936 loeus
478 873 542 949 est,
565 876 601 938 ut
622 874 757 949 videtum
781 894 904 939 sensus:
926 876 1026 959 „quod
1047 876 1102 940 isti
1119 894 1239 958 semper
1255 875 1347 938 dicti·

218 973 343 1049 tabant‚
366 993 447 1037 nune
470 973 583 1039 saltem
605 994 711 1040 uerum
734 977 795 1051 est,
817 995 888 1040 cum
911 977 956 1041 ite
978 977 1041 1042 sint
1061 977 1199 1041 civitatis
1221 995 1294 1059 opes
1314 979 1349 1040 ut

124 1112 132 1121 -
218 1070 280 1131 uisi
301 1081 490 1133 coerceantur
511 1071 618 1134 luorum
636 1074 781 1157 rcrpc'aue·9
800 1074 941 1158 perituro
962 1076 1021 1136 sint
1041 1075 1192 1159 stupentia
1213 1074 1349 1136 Istorum

218 1188 319 1240 cutem
346 1180 528 1263 ναρνννανανα
558 1181 662 1245 odium
692 1182 730 1245 ad
759 1197 813 1247 ros
842 1183 924 1248 redit
952 1184 1072 1248 lucrum
1102 1185 1140 1249 ad
1170 1185 1276 1250 istos.“
1303 1222 1347 1232 -

218 1282 320 1346 Codex
338 1284 565 1349 Laurentianus
581 1284 604 1348 O
620 1286 741 1350 omittit
756 1288 922 1364 cocciaco,
947 1288 992 1351 ita
1007 1289 1165 1352 Bellerus
1182 1308 1300 1372 quoque
1311 1292 1346 1371 4).

217 1386 294 1451 Inde
310 1387 430 1469 quaerit
444 1388 583 1452 Dobreus
599 1390 704 1452 utrum
719 1392 789 1472 post
805 1377 903 1474 ἧττον
918 1410 957 1454 an
971 1392 1042 1473 post
1062 1390 1193 1476 πλῆθος
1208 1392 1348 1475 ponenda

218 1493 263 1557 sit
284 1494 412 1557 lacunae
435 1496 518 1558 nota.
546 1495 616 1559 Non
639 1495 719 1560 facio
739 1515 810 1559 cum
832 1496 968 1572 Dobreo,
992 1515 1062 1560 cum
1084 1496 1218 1560 nimimn
1239 1497 1346 1562 verbo-

217 1613 289 1657 rum
311 1595 343 1657 et
362 1593 528 1658 artificiose
548 1595 579 1658 et
601 1594 692 1677 plane
715 1614 731 1657 e
753 1614 808 1658 suo
831 1596 960 1660 arbitrio
983 1596 1015 1658 in
1038 1596 1181 1660 lacunam
1203 1596 1347 1668 inculcet.

216 1694 409 1758 Adversatur
437 1694 486 1757 illi
513 1694 576 1757 iam
604 1694 813 1758 Franckenius
841 1695 919 1758 hanc
949 1714 1120 1778 proponens
1144 1694 1347 1758 sententiam:

216 1796 346 1877 „Nihilo
366 1801 471 1864 minus
487 1800 561 1882 (etsi
582 1819 636 1863 vos
656 1799 930 1882 condemnavistis)
947 1819 1028 1864 nunc
1051 1801 1139 1863 tanta
1161 1801 1210 1863 est
1229 1799 1346 1882 stipen-

216 1903 340 1966 diorum
355 1901 497 1985 (pentat
518 1900 793 1988 ε’κκλησιασνικοῦ
808 1903 1007 1985 potissimum
1028 1906 1059 1967 et
1074 1903 1280 1988 δικαστικοῦ)
1294 1922 1348 1986 pe-

216 2010 322 2085 nuria,
353 2012 388 2074 ut
415 2010 545 2093 populus
573 2010 722 2093 trutipeor,
752 2010 802 2070 isra·
831 2010 935 2072 (diuites
961 2012 1019 2073 siut
1049 2012 1081 2074 et
1108 2011 1240 2074 dedecus
1267 2012 1345 2074 etcr‘

215 2116 378 2180 Excidisse
393 2117 488 2180 habet
502 2135 682 2198 persuasum
691 2114 846 2180 voculam:
865 2114 1009 2191 πένεται,
1020 2135 1079 2197 quo
1094 2117 1186 2181 verbo
1200 2116 1346 2180 similiter

215 2216 317 2279 utitur
340 2218 442 2294 orator
462 2236 504 2280 or.
525 2217 584 2280 XII
607 2217 644 2298 §o
667 2217 797 2299 sextall.
835 2216 911 2280 Tale
934 2217 1007 2299 quid
1030 2217 1087 2280 hoc
1109 2217 1175 2281 loeo
1198 2218 1348 2300 scriptum

215 2321 316 2386 fuisse
337 2322 413 2385 satis
427 2322 507 2385 milri
521 2321 678 2404 probabile
695 2324 757 2398 est,
780 2342 851 2387 cum
867 2324 1024 2387 structura
1042 2324 1160 2406 periodi
1180 2324 1236 2388 fiat
1250 2325 1347 2406 aptis·

216 2425 315 2488 sima:
345 2425 493 2506 bipartita
524 2425 607 2487 enim
638 2426 793 2489 sententia
822 2427 1015 2508 opponuntur
1044 2428 1126 2490 inter
1156 2445 1189 2489 se
1216 2427 1348 2509 populus

216 2523 411 2606 iudicesque,
441 2525 493 2605 qui
521 2523 764 2601 incommodum,
795 2526 827 2587 et
848 2525 907 2601 rei,
939 2525 992 2607 qui
1014 2524 1185 2588 utilitatem
1208 2525 1346 2607 capiant;

215 2630 285 2691 tmn
308 2628 516 2709 prioreparte
538 2646 643 2691 rursus
667 2626 815 2709 bipartita
835 2627 896 2691 sibi
919 2628 1044 2692 obstant
1067 2629 1099 2691 et
1120 2628 1264 2710 populus,
1295 2631 1348 2710 qui

217 2731 366 2813 stipendii
395 2731 545 2794 iacturam
575 2729 652 2793 lacit
680 2731 711 2793 et
741 2729 884 2806 iudices·
911 2730 963 2813 qui
992 2731 1187 2814 opprobrium
1217 2731 1250 2794 in
1280 2750 1347 2794 sese

216 2834 389 2899 conferunt.
432 2835 538 2897 Minus
559 2834 638 2896 milri
656 2831 759 2916 placet
780 2833 904 2897 Franrii
925 2835 1101 2899 coniectura
1125 2833 1260 2920 πλῆθος
1281 2837 1345 2897 τῶν

216 2933 374 3002 κινδύνων
401 2937 547 3020 languida
576 2938 659 3000 certe
686 2938 777 3017 atque
809 2956 827 2998 a
856 2938 1011 3001 sententia
1040 2955 1164 3019 prorsus
1197 2937 1343 3017 eliensi).

216 3041 277 3106 Sed
300 3061 361 3105 non
385 3040 485 3104 solum
508 3040 619 3103 lacuna
646 3038 810 3101 statuenda
839 3039 888 3102 illi
911 3039 978 3104 loco
1007 3040 1125 3103 mederi
1147 3042 1251 3121 conati
1274 3043 1347 3104 sunt
1424 3116 1429 3125 δ

216 3141 364 3217 editores,
380 3159 486 3203 verum
502 3140 597 3203 etiam
611 3158 665 3221 pro
681 3138 816 3222 πλῆθος
832 3141 978 3205 vocabulo
995 3141 1073 3205 alias
1090 3144 1257 3227 scripturas
1273 3164 1343 3227 pro·

215 3265 354 3329 posuere.
382 3246 508 3327 [neptae
523 3243 648 3326 quidem
663 3244 803 3306 veterum
819 3243 970 3306 editorum
985 3244 1179 3310 coniecturae
1195 3248 1276 3323 sunt,
1293 3248 1345 3311 sed

216 3369 255 3413 ne
279 3349 351 3431 quid
371 3349 465 3424 desit,
489 3348 613 3410 afferam
637 3346 726 3409 modo
749 3347 815 3410 sine
839 3346 903 3410 ulla
920 3347 1139 3429 explicatione:
1164 3349 1346 3430 Schottusl)

286 3563 311 3621 1)
331 3562 363 3614 cf.
387 3561 515 3615 Foertsch
541 3559 638 3628 Lysiae
664 3566 730 3614 orat.
756 3576 825 3628 quae
849 3567 991 3629 supersunt
1017 3578 1107 3617 omnes
1132 3563 1239 3632 Lipsiae
1269 3567 1343 3622 1829.

214 3660 276 3713 pag.
297 3645 337 3699 24.

285 3738 311 3798 2)
332 3734 547 3789 Adversariorum
564 3735 713 3789 criticorum
732 3741 802 3789 tomo
820 3736 840 3789 Ι.

284 3819 314 3885 3)
334 3819 424 3872 Verba
448 3820 475 3872 in
494 3817 609 3873 editione
637 3819 668 3873 G.
688 3818 818 3873 Dindorfii
845 3820 938 3887 quinta
965 3821 1122 3876 correctiore
1148 3822 1255 3891 Lipsiae
1273 3825 1340 3880 1869

215 3909 279 3959 sunt
297 3904 376 3958 haec:

429 3973 498 4043 „oric
517 3973 592 4026 ἔστιν
611 3972 680 4044 ὑμῖν
700 3979 755 4033 τοῖς
774 3974 915 4033 δικασταῖς
933 3970 1038 4045 ἄλαστα

431 4071 455 4120 εἰ
472 4065 511 4137 μὴ
530 4063 744 4137 καταγνώσεσθε
762 4064 863 4134 ταύτην
882 4066 932 4135 τὴν
949 4069 1056 4136 δίκην.“

286 4151 314 4218 4)
332 4149 361 4204 C.
374 4154 406 4205 A.
420 4152 508 4217 Pertz,
528 4151 712 4219 quaestionum
729 4146 820 4221 lysiae.
840 4153 971 4220 specimen
988 4168 1048 4221 pag.
1061 4153 1101 4206 11.
1116 4152 1253 4207 Clausthal
1266 4158 1341 4210 1862.

286 4234 313 4300 5)
332 4232 446 4290 πάντων
465 4236 496 4288 δὲ
514 4234 564 4303 τὴν
578 4232 662 4290 πόλιν
679 4240 815 4290 πένεσθαι
832 4236 864 4289 cf.
877 4237 956 4290 etiam
975 4242 1082 4291 nostrae
1101 4254 1138 4291 or.
1157 4241 1216 4304 §um
1233 4254 1339 4292 nonam.

286 4321 314 4385 6)
335 4320 433 4373 Mulier
451 4320 526 4385 „Zur
536 4320 626 4374 Kritik
644 4319 691 4373 des
710 4320 804 4390 Lysias
823 4336 883 4389 pag.
898 4325 938 4377 12.
956 4328 1071 4391 Πλῆθος
1086 4327 1142 4378 ταῖν
1156 4320 1342 4378 πεπονθότων

113 4389 115 4393 ’
215 4406 249 4458 cl.
269 4405 340 4472 apud
360 4406 518 4459 Muellerum
537 4405 570 4459 de
587 4407 651 4458 locis
670 4406 732 4476 Lys
753 4408 925 4464 emendandis
945 4425 1005 4478 pag.
1027 4413 1067 4465 ]“3.

287 4494 313 4560 7)
332 4495 438 4549 Reiske.
459 4495 524 4550 Orat
553 4510 708 4561 graecorum
725 4504 796 4552 toruo
815 4499 839 4552 V
856 4516 881 4567 p.
901 4500 951 4554 807
970 4516 1009 4568 sq.
