3142 5036
663 267 874 330 .-]5...

202 438 321 516 „donec
344 457 398 502 suo
421 456 548 502 munere
570 437 720 521 fungitur,
750 456 807 501 nec
831 440 1020 521 sycophanta
1047 456 1115 501 esse
1136 438 1248 520 potest,
1277 458 1333 503 nec

202 543 376 619 „malorum
404 543 565 607 hominum
595 542 706 606 vindex
734 544 766 606 et
793 542 1013 625 investigator:
1047 543 1124 605 haec
1147 543 1230 606 enim
1253 543 1337 607 domi

201 646 315 722 „fiunt
346 646 400 710 ille
422 664 493 711 vero
521 645 600 729 apud
624 646 744 709 exteros
767 665 880 709 munus
902 644 998 709 obit.“
1046 643 1106 709 Sed
1128 646 1271 722 minime,
1300 648 1336 709 ut

202 749 261 811 hoc
282 747 523 830 praemittam),
544 747 714 811 Hamaieri
736 747 945 812 coniecturam
960 747 1064 830 probo,
1087 748 1139 830 qui
1154 747 1257 812 verbis
1272 750 1336 811 τῶν

202 849 479 936 σομπρεσβεντιῦν
496 850 583 913 nisus
599 849 770 914 orationem
793 868 809 912 c
832 849 949 913 duobus
965 848 1150 931 fragmentis
1169 849 1251 912 inter
1267 867 1335 912 sese

203 952 334 1017 diversis
358 970 425 1017 esse
445 952 611 1016 conflatam
634 952 802 1016 contendit.
840 952 947 1034 Neque
970 952 1065 1015 etiam
1087 950 1189 1016 facere
1210 970 1336 1034 possum

205 1058 280 1140 quin
308 1057 346 1121 ab
376 1057 560 1121 Hoelscheri
591 1057 762 1139 suspitione
792 1057 976 1121 dissentiam
988 1056 1030 1141 2);
1067 1057 1228 1139 propterea
1257 1057 1336 1138 quod

204 1163 303 1226 oratio
326 1163 369 1226 sit
385 1157 621 1249 δεοτερολογία
644 1164 781 1227 actorem
804 1161 945 1226 consulto
967 1180 1092 1225 causam
1114 1162 1216 1244 ipsam
1238 1160 1337 1225 idest

202 1259 485 1352 παραπρεσβείαν
508 1284 568 1329 uon
592 1266 725 1329 tractare
743 1283 868 1329 -esse
890 1266 955 1329 iam
976 1265 1026 1329 sat
1050 1264 1239 1358 multumde
1262 1282 1337 1327 eaa

203 1371 353 1454 primario
376 1372 496 1436 oratore
518 1371 637 1435 dictum
666 1409 709 1416 -
740 1390 924 1453 spnegorum
947 1389 1018 1434 vero
1041 1369 1192 1452 reliquam
1214 1369 1337 1434 tantum

145 1540 149 1547 ,
205 1491 328 1536 reorum
350 1472 448 1536 vitam
468 1473 662 1556 accingerer).

289 1575 433 1639 Vidimus
456 1595 516 1659 qua
539 1576 572 1638 iu
595 1574 717 1638 actione
739 1574 837 1638 oratio
857 1575 889 1637 iu
905 1574 1082 1656 Epicratem
1101 1573 1216 1656 scripta
1231 1574 1338 1638 habita

205 1702 272 1748 esse
297 1684 444 1766 nequeat,
459 1680 549 1747 'nunc
580 1702 614 1746 ex
638 1684 705 1765 ipsa
728 1683 866 1747 oratione
889 1682 1109 1764 exquirendum
1133 1682 1207 1761 erit,
1238 1682 1338 1765 qualis

204 1789 260 1853 illa
288 1790 395 1853 contra
416 1789 594 1872 Epicratem
618 1789 774 1852 accusatio
797 1787 901 1851 fuerit.
946 1788 1048 1870 Atque
1067 1786 1161 1850 multi
1188 1787 1254 1849 eius
1277 1786 1339 1852 loci

205 1894 283 1957 satis
299 1892 482 1969 luculenter,
505 1893 592 1956 cuius
608 1891 748 1955 criminis
764 1890 964 1955 insimuletur
987 1888 1170 1954 ostendunt:
1192 1890 1229 1952 ut
1245 1890 1339 1954 uerba

204 1996 237 2077 §i
258 1995 387 2059 tertiae:
409 1997 517 2060 ταῦτα
534 1995 571 2058 δὲ
592 1993 648 2078 (τὰ
669 1991 839 2082 χρήματα)
862 1982 955 2057 οὗτοι
971 1992 1141 2058 κλέπτιοσι
1163 1988 1220 2056 καὶ
1234 2016 1338 2057 κατα-

165 2180 173 2193 ,
206 2099 426 2186 (impelleretur
456 2099 488 2185 et
510 2096 566 2162 καὶ
597 2093 761 2185 πρότερον
790 2095 906 2186 διόριον
936 2092 1130 2182 ἐκρίθησαν.
1175 2098 1213 2180 §i
1234 2101 1339 2163 sextae

204 2199 261 2263 νῦν
278 2192 473 2286 δ’ἆσφαλιῦς
489 2194 603 2275 αὐτοῖς
625 2193 694 2278 ἔχει
717 2196 758 2262 τὰ
780 2191 924 2283 ὑμέτερα
938 2196 1113 2275 κλέπτειν,
1138 2199 1169 2280 §i
1186 2200 1340 2282 septimae

205 2294 285 2366 ὥστ’
302 2296 332 2366 εἰ
353 2299 413 2383 μὲν
430 2294 695 2391 ἀποψηφιεῖσθε
717 2300 844 2381 τούτων
863 2294 958 2366 οὐδὲν
982 2297 1089 2366 δεινόν
1113 2298 1206 2379 δόξει
1224 2298 1339 2379 αὐτοῖς

204 2399 293 2486 ὑμᾶς
315 2399 594 2490 ἐξαπατήσαντας
616 2402 652 2470 ἐκ
674 2408 738 2470 τιῦν
760 2399 928 2493 ὑμετέρων
951 2397 1173 2491 ὠφελεῖσθαι,
1202 2406 1232 2488 §i
1255 2407 1338 2472 deci-

206 2529 276 2574 mae
297 2508 340 2574 ad
361 2504 506 2597 ὑμέτερα
529 2503 720 2593 λαμβάνειν,
747 2512 895 2576 similiter
917 2512 949 2576 in
965 2511 1001 2594 §o
1024 2511 1188 2575 undecima
1202 2509 1244 2575 τοὶ
1258 2506 1338 2593 ὑμέ-

206 2634 287 2698 τερα
303 2608 510 2688 κλέπτοντες.
540 2613 586 2675 Ex
607 2611 658 2676 his
673 2611 790 2694 liquido
808 2613 933 2695 apparet
956 2610 1109 2695 κλοπῆς
1131 2605 1339 2694 δημοσίων

206 2710 433 2798 χρημάτων
462 2715 641 2777 accusatum
671 2713 768 2777 fuisse
791 2713 977 2795 Epicratem.
1022 2710 1082 2776 Sed
1107 2711 1170 2775 iam
1200 2729 1272 2792 quo
1299 2711 1339 2775 in

133 2897 139 2906 .
208 2806 369 2881 munere
390 2804 558 2900 publico
581 2818 826 2883 administrando
841 2817 1001 2901 Epicrates
1025 2817 1150 2899 eiusque
1169 2815 1246 2880 socii
1260 2815 1337 2879 illud

211 2918 310 2983 scelus
331 2911 559 2998 commiserint,
583 2921 749 3003 quaeritur.

295 3022 491 3104 Peragrapho
507 3022 602 3085 tertia
617 3023 741 3086 nostrae
758 3021 906 3084 orationis
922 3020 972 3084 illi
990 3014 1162 3104 ,,φὺλακες
1175 3011 1232 3103 ὑφ’
1247 3010 1339 3100 ὑμῶν

212 3119 432 3197 καταστάντες
453 3120 510 3185 καὶ
533 3115 566 3184 οὶ
588 3122 651 3183 τῶν
671 3111 876 3183 ἀδικούντων
897 3110 1062 3180 κολασταί
1083 3133 1101 3178 a
1122 3115 1217 3197 Lysia
1240 3114 1338 3196 signi-

210 3221 353 3299 ficantur3
382 3228 460 3290 haec
487 3226 605 3289 incerta
633 3224 771 3289 muneris
794 3221 995 3306 significatio,
1026 3220 1124 3303 equa
1148 3220 1201 3301 qui
1222 3219 1340 3283 fuerint

210 3325 326 3409 Oedipo
352 3347 431 3411 opus
454 3326 680 3406 videturesse,
711 3329 764 3410 qui
794 3326 958 3392 divinando
988 3324 1185 3407 assequatur,
1205 3324 1339 3389 maxime

209 3427 436 3506 nosoffendit,
467 3426 539 3493 nam
561 3414 691 3493 minime
714 3428 856 3511 equidem
885 3425 1068 3492 crediderim
1091 3442 1126 3488 eo
1147 3423 1238 3489 modo
1259 3425 1340 3487 hanc

209 3531 431 3597 obscuritatem
452 3552 542 3616 posse
573 3534 733 3617 explicari,
763 3535 798 3597 ut
827 3534 860 3597 in
882 3521 1005 3597 amissa
1034 3515 1161 3613 (priore)
1192 3529 1340 3595 orationis

209 3635 297 3716 parte
318 3635 355 3699 de
378 3655 504 3700 munere
533 3637 587 3701 illo
608 3639 686 3702 satis
716 3638 889 3720 expositum
919 3655 986 3701 esse
1009 3636 1183 3699 statuamus
1204 3632 1249 3696 ita
1272 3633 1340 3716 qui·

209 3740 291 3816 clem,
318 3743 353 3805 ut
375 3742 532 3807 auditores
546 3742 724 3826 iudicesque
746 3741 824 3806 illud
842 3743 905 3806 iam
927 3740 1135 3823 cognoverint,
1159 3740 1341 3822 quapropter

208 3844 312 3926 paullo
322 3911 325 3917 ,
335 3845 463 3911 liberius
480 3850 565 3912 actor
587 3851 709 3914 nostrae
724 3848 874 3912 orationis
888 3849 946 3913 hoc
958 3847 1057 3929 possit
1073 3845 1284 3930 exprimerc4).
1298 3883 1340 3893 —-

279 4113 306 4180 l)
324 4111 367 4167 De
385 4112 435 4166 hoc
452 4111 605 4167 coniectura
621 4113 649 4167 in
669 4113 755 4177 altera
771 4117 848 4180 parte
868 4110 1060 4175 dissertationis
1080 4107 1182 4180 agetur.

279 4199 309 4265 2)
330 4198 477 4253 Hoelsclrer
496 4197 530 4253 de
549 4199 603 4253 vita
615 4187 648 4254 et
667 4200 771 4268 scriptis
789 4198 855 4270 Lys.
875 4198 1052 4255 Berol.1837.
1071 4214 1131 4268 pag.
1152 4200 1210 4254 109.

278 4290 310 4352 3),
325 4287 441 4342 Obstant
464 4287 619 4355 gravissima
643 4293 816 4355 argumenta,
849 4301 917 4355 quae
941 4287 1026 4341 altera
1046 4293 1123 4354 parte
1148 4284 1341 4339 dissertationis

210 4374 358 4442 explicabo.

278 4462 305 4528 4)
327 4462 401 4517 Haec
421 4467 521 4517 temere
536 4462 649 4517 Hamak.
669 4477 694 4529 p.
714 4463 747 4518 73
768 4463 887 4518 coniecit.
