3142 5036
691 253 904 314 ..22-

234 417 319 480 omni
342 414 535 479 dubitatione
558 416 676 491 careat,
699 415 872 497 paullulum
894 416 1082 497 investigare
1104 421 1362 503 operaepretium

234 519 291 583 est.
334 517 369 581 ld
392 518 474 581 certe
498 518 665 581 tenendum
688 520 748 593 est,
778 517 954 600 Epicratem
983 520 1055 582 ante
1085 522 1165 584 hanc
1187 521 1277 585 litem
1299 521 1363 584 iam

234 614 451 706 corruptionis
460 640 547 686 reum
569 622 680 699 fuisse,
704 622 756 687 sed
779 623 969 698 absolutum3
998 625 1026 687 si
1047 626 1151 688 autem
1172 626 1298 708 Lysias,
1327 627 1364 689 ut

235 726 397 792 Scheibius
420 725 502 802 uult,
532 727 590 789 hac
612 725 645 788 in
673 726 779 804 nostra
802 724 940 788 oratione
969 725 1102 807 priorem
1124 725 1213 788 illam
1238 744 1362 789 accusa-

234 829 353 893 tIoncm
386 829 508 892 tantum
536 828 690 910 attingere
720 847 777 891 nec
806 846 877 892 vero
906 827 1039 891 alterum
1069 830 1101 892 et
1129 848 1242 893 novum
1272 829 1364 892 huius

235 933 441 998 accusationis
469 933 661 997 momentum
691 932 799 996 aliems
829 933 862 996 in
898 934 1002 997 animo
1030 933 1172 1010 haberet,
1209 952 1268 1016 quo
1298 934 1364 996 iuro

235 1039 373 1121 tempore
386 1037 543 1120 praesenti
557 1034 860 1121 καταδωροδοκῶσι
875 1036 922 1100 uti
942 1036 1101 1119 potuit-
1116 1036 1266 1100 aoristum
1282 1036 1364 1099 certe

236 1145 455 1227 exspectasses.
498 1143 578 1205 Tum
607 1140 804 1205 observanda
825 1142 874 1205 est
894 1141 1057 1205 collocatio
1079 1141 1165 1205 illius
1189 1132 1271 1226 ἤδη,·
1304 1159 1364 1204 non

236 1249 313 1314 dicit
334 1250 436 1313 orator
463 1238 525 1332 ἤδη
548 1230 713 1334 πρότερον
743 1246 796 1310 sed
825 1247 926 1311 verbis
954 1247 1087 1311 inversIs
1115 1240 1281 1330 πρότερον
1302 1236 1364 1328 ἤδη

237 1346 354 1438 δώρων
381 1349 450 1413 κτλ.
480 1340 514 1414 id
542 1352 607 1414 est:
649 1351 785 1427 „Eriiher
807 1369 870 1413 war
901 1369 932 1414 er
962 1352 1058 1415 schon
1088 1351 1140 1414 der
1168 1351 1366 1432 Besteohung

237 1455 419 1538 angeklagt,
457 1455 507 1518 cui
542 1454 707 1537 respondet
743 1456 915 1519 necessario
950 1456 1171 1539 supplendum:
1216 1455 1272 1519 καὶ
1300 1458 1364 1519 νῦν.

238 1558 503 1640 Supervacansum
518 1557 649 1640 denique
672 1557 799 1634 fuisset,
821 1558 849 1621 si
871 1559 973 1623 craton
990 1579 1103 1624 novum
1124 1561 1242 1623 crimen
1257 1561 1365 1624 afferre

237 1664 402 1740 noluisset,
422 1665 457 1727 ut
479 1665 586 1747 quater
608 1665 641 1728 in
662 1666 728 1728 tam
749 1665 835 1728 brevi
857 1666 1020 1742 orationis,
1043 1685 1120 1748 quae
1142 1668 1257 1743 exstat,
1278 1665 1366 1748 parts

237 1768 315 1832 illud
337 1762 452 1852 δώρων
476 1769 593 1832 crimen
613 1769 751 1851 Epicrati
773 1769 923 1845 obiceret3
955 1770 1051 1833 semel
1073 1770 1105 1833 id
1127 1786 1366 1833 commemorare

144 1936 149 1941 ,
238 1875 320 1937 certe
340 1873 417 1937 satis
439 1872 560 1937 fuisset.
602 1874 723 1957 ltaque,
745 1875 781 1937 ut
802 1875 904 1957 opinio
925 1893 996 1938 mea
1018 1874 1094 1951 fert,
1117 1894 1230 1939 novum
1249 1875 1366 1969 oriruen

238 1996 311 2042 voce
327 1974 443 2062 δώρων
456 1996 508 2042 reo
531 1978 671 2054 obicItur,
694 1979 774 2060 quod
796 1978 920 2061 quidem
941 1981 1233 2066 omnes,'quaptum
1253 1996 1366 2060 cogno·

239 2096 323 2143 scere
344 2079 432 2155 lieet,
459 2081 580 2161 praeter
611 2078 787 2143 Scheibium
814 2079 956 2142 homines
984 2079 1067 2143 docti
1089 2080 1280 2152 statuerunt3
1313 2079 1366 2141 sed

239 2186 344 2248 tamon
373 2184 453 2248 alius
482 2184 573 2247 aliter
603 2184 760 2248 notionem
794 2184 881 2247 illam
911 2179 1028 2267 δώρων
1056 2185 1278 2266 interpretatus
1309 2184 1367 2246 cst.

239 2287 402 2369 Proposita
423 2287 507 2350 enim
530 2287 580 2350 est
603 2287 758 2369 quaestio,
784 2289 889 2350 utrum
908 2288 1068 2369 Epicrates
1088 2287 1166 2351 alios
1187 2287 1366 2370 corruperit,

239 2414 278 2458 an
300 2394 367 2476 ipse
390 2411 457 2457 sese
480 2394 633 2476 corrumpi
662 2413 771 2476 passus
794 2395 851 2469 sit,
883 2414 953 2457 cum
976 2394 1055 2458 falso
1079 2390 1194 2482 δώρων
1213 2391 1325 2480 γραφὴ
1349 2415 1368 2457 a

240 2496 397 2561 nonnullis
419 2496 452 2559 in
474 2497 776 2579 utramquepartem
800 2499 951 2581 explicata
973 2500 1023 2563 sit.
1056 2502 1176 2563 Bauius
1191 2500 1367 2583 Epicratem

240 2599 275 2665 δν
304 2593 429 2684 seiteina
458 2600 556 2663 testes
587 2601 758 2683 corrupisse
787 2602 959 2677 contendit,
998 2604 1048 2666 cui
1076 2622 1169 2686 prope
1199 2602 1368 2667 asseititur

240 2701 380 2778 Ealkius,
404 2699 457 2781 qui
478 2698 570 2762 dicit:
608 2701 668 2775 „Er
691 2700 769 2764 habe
799 2700 849 2764 bei
870 2700 1035 2782 Ablegung
1057 2702 1111 2765 der
1138 2700 1368 2765 Rechenschaft

241 2802 290 2865 dio
318 2802 542 2884 Gegenzeugen
571 2801 665 2865 durch
687 2803 886 2884 Bestechung
911 2822 1081 2884 gononnen
1110 2805 1172 2868 und
1201 2805 1246 2869 sei
1269 2804 1368 2867 dieser

240 2904 439 2986 Bestschung
466 2904 573 2968 halben
601 2925 655 2969 vor
678 2905 806 2969 Gericht
834 2906 990 2989 gesordert
1010 2909 1162 2972 worden.“
1207 2908 1266 2973 Seu
1288 2908 1367 2972 falso

241 3005 368 3070 Falkius
398 3005 619 3088 interpretatur
647 3009 829 3072 vccabulum
864 3009 1161 3095 κακαδωροδοκεῖν,
1201 3032 1274 3076 nam
1308 3031 1369 3076 non

242 3109 412 3192 significat,
434 3114 470 3173 ut
491 3112 633 3194 opinatur
655 3113 872 3196 „Bestechung
887 3115 1004 3195 geben‘
1021 3115 1099 3198 quod
1120 3115 1182 3178 iam
1198 3115 1369 3195 Blassius¹)

241 3215 307 3277 iure
320 3214 522 3296 vituperavit,
544 3216 596 3280 sed
609 3218 712 3299 potius
725 3218 925 3293 „Geschenlre
940 3221 1134 3283 annehmcn“
1151 3220 1215 3283 sive
1230 3220 1300 3296 „siu
1309 3220 1369 3284 Ge-

238 3319 375 3384 schcnks
395 3321 595 3403 preisgeben“
611 3340 683 3404 ergo
706 3323 755 3384 est
777 3323 988 3403 corrumpi.
1020 3323 1144 3385 Diserte
1169 3323 1234 3404 egit
1255 3323 1293 3386 dc
1312 3325 1370 3385 hoc

242 3422 359 3505 duplici
379 3423 468 3488 modo
489 3425 693 3507 corruptionis
716 3424 791 3487 Edu.
812 3424 939 3507 Meter-2)
963 3425 1015 3506 qui
1036 3444 1102 3488 rem
1125 3426 1170 3489 ita
1188 3427 1370 3509 composuit,

159 3554 167 3567 ·
243 3528 381 3593 utactio
405 3529 574 3611 δεκασμοῦ
595 3530 628 3592 in
651 3537 735 3604 eu'm,
766 3529 818 3610 qni
841 3548 932 3610 quem
954 3530 1042 3593 donis
1065 3534 1256 3613 corrumpat,
1289 3531 1369 3594 actio

243 3627 359 3715 δώρων
375 3651 430 3697 seu
447 3628 654 3717 δωροδοκίας
677 3632 709 3695 in
731 3651 817 3708 eum,
841 3633 893 3715 qni
915 3635 1050 3716 acceptis
1071 3637 1211 3718 pecuniis
1234 3655 1370 3700 corrum-

243 3736 341 3817 patur,
363 3735 555 3799 instituenda
577 3733 682 3797 fuerit.
725 3735 811 3797 Haec
834 3735 861 3798 si
883 3737 1049 3818 sequimur,
1072 3740 1198 3820 apparet
1218 3738 1314 3801 Bauri
1340 3737 1372 3800 et

242 3840 345 3903 Ealkii
373 3838 661 3921 interpretationem
691 3839 776 3902 verbi
805 3835 920 3922 δώρων
949 3842 1040 3922 plane
1075 3861 1250 3924 perversam
1280 3844 1371 3924 atque
1451 3912 1454 3917 ,
1525 3874 1528 3881 ,

171 4014 174 4019 ,
243 3946 476 4028 improbandam
499 3962 583 4017 esse3
606 3945 712 4007 contra
734 3945 799 4007 iure
821 3944 962 4008 Blassius
984 3947 1160 4028 Epicratem
1184 3949 1221 4011 ab
1244 3947 1315 4011 aliis
1338 3966 1371 4009 se

244 4050 397 4132 corrumpi
416 4067 541 4131 passum
564 4065 631 4112 essa
654 4051 772 4125 censet,
795 4050 845 4111 orvi
868 4049 1014 4112 assentiri
1035 4051 1230 4113 Hamalrerns
1251 4049 1372 4112 videtur

313 4286 340 4350 1)
359 4283 453 4337 Gesch.
473 4282 521 4335 der
539 4286 586 4334 att.
605 4281 746 4336 Beredtsk.
766 4297 827 4349 pag.
845 4280 903 4334 446.
927 4276 935 4291 ’

312 4373 339 4439 2)
357 4369 446 4424 Herm.
466 4369 516 4423 Ed.
534 4368 615 4424 Maior
633 4368 759 4425 historiae
776 4368 840 4425 iuris
859 4367 932 4423 attici
950 4367 1009 4422 libri
1027 4366 1095 4430 elno,
1118 4367 1204 4420 Berol.
1226 4366 1290 4418 islo
1310 4380 1371 4435 pag.

244 4460 291 4513 111
311 4475 350 4525 sq.
369 4457 419 4511 No.
438 4456 534 4512 XVIII.
1136 4462 1140 4467 '
