3142 5036
667 242 881 305 ..23-

208 404 329 489 pariter
358 424 394 469 ac
423 405 618 488 Parovius1).
669 405 879 469 Franckenius
910 423 981 468 cum
1010 405 1188 488 Epicratem
1218 404 1345 487 eiusque

205 510 313 574 socios
335 510 488 592 significet
511 510 679 575 factionem
702 512 857 574 oratorum
881 509 1052 587 venalium,
1083 510 1164 574 idern
1193 509 1257 573 fere
1280 510 1345 572 sta-

211 616 300 678 tuere
323 614 453 679 videtur.
497 614 615 692 Quibus
636 615 815 680 hominibus
843 613 1034 678 doctissimis
1062 634 1098 679 ec
1119 614 1221 696 magis
1244 613 1345 677 facere

212 737 275 781 non
303 736 444 800 possum,
474 716 547 799 quin
578 717 739 794 assentiar,
769 735 828 799 quo
850 715 964 782 clarius
992 716 1119 780 verbum
1142 713 1345 801 δωροδοκεῖν

212 822 267 885 hic
287 822 389 887 activo
411 839 503 885 sensu
524 820 671 903 explicari
693 839 754 884 non
775 836 879 903 posse,
909 818 1004 901 patet.
1048 818 1212 903 Repugnat
1234 816 1344 890 solum,

214 927 296 1010 quod
318 927 350 991 in
367 928 404 1010 §0
420 926 506 990 sexta
524 925 681 991 invenitur
695 925 792 1012 μέρει
807 924 872 987 τῶν
889 917 1104 1008 ἀδικημάτων
1121 921 1180 986 τὸν
1197 917 1346 985 κίνδυνον

215 1029 495 1117 ἐξεπρίαντο,
528 1030 581 1095 sed
603 1032 675 1106 hoc,
709 1031 744 1093 ut
766 1029 900 1093 aoristus
922 1027 1055 1106 indicat,
1086 1028 1124 1092 ad
1145 1027 1346 1111 praeteritum

214 1139 338 1220 tempus
367 1135 563 1200 referendum
593 1137 655 1211 est,
686 1153 721 1199 eo
751 1135 856 1198 tamen
878 1132 984 1209 modo,
1016 1134 1051 1196 ut
1071 1133 1248 1217 Epicratem
1268 1131 1347 1196 alios

216 1243 283 1307 sive
311 1243 408 1306 testes
438 1241 504 1305 sive
534 1241 587 1324 qui
615 1240 843 1304 accusationem
871 1238 904 1301 in
935 1255 967 1302 11
998 1238 1161 1302 instituere
1183 1235 1347 1312 voluerint,

215 1345 346 1429 pecunia
374 1363 409 1408 ex
440 1343 556 1408 aerario
587 1344 727 1426 smrepta
755 1342 927 1426 corrupisse
958 1342 1141 1406 statuamus.
1187 1341 1286 1419 Quam
1309 1339 1347 1403 ad

215 1447 350 1530 priorem
366 1447 593 1529 corruptionem
607 1447 645 1510 ab
659 1445 803 1528 Epicrate
819 1444 1017 1508 commissam
1032 1444 1107 1509 licet
1122 1444 1217 1508 etiarn
1230 1441 1347 1506 referas

216 1550 249 1632 §i
270 1550 396 1632 quartae
417 1550 509 1613 verba
532 1543 564 1612 οὶ
586 1546 665 1635 περὶ
684 1548 751 1611 τῶν
770 1542 947 1635 χρημάτων
964 1545 1021 1612 καὶ
1042 1548 1107 1611 τῶν
1124 1542 1239 1634 δώρων
1261 1544 1348 1631 πρὸς

216 1649 357 1730 τούτους
385 1656 441 1738 (sc.
462 1655 639 1739 Epicratem
669 1655 701 1717 et
730 1654 843 1736 socios)
870 1649 1083 1739 πράττοντες.
1134 1654 1241 1736 Neque
1264 1653 1348 1716 enim

217 1759 427 1823 necessarium
456 1778 523 1823 esse
545 1761 634 1842 puto,
664 1777 720 1822 nos
742 1757 926 1822 Franckenii
948 1757 1237 1840 interpretationem
1261 1757 1349 1838 sequi

217 1866 335 1943 „testes
355 1863 532 1946 prodibant,
556 1864 609 1945 qui
629 1862 709 1927 dona
723 1862 875 1944 Epicrati,
898 1862 935 1925 ut
954 1862 984 1924 ei
1006 1860 1236 1936 insidiarentur,
1258 1859 1348 1923 obtu-

216 1974 349 2038 lerunt.“
392 1972 461 2035 Hoc
490 1971 541 2034 vix
570 1970 649 2033 mihi
678 1967 893 2051 persuadeam,
926 1986 999 2031 narn
1020 1966 1136 2030 mirum
1157 1965 1235 2030 illud
1257 1965 1349 2046 atque

217 2074 459 2138 audacissimum
481 2071 607 2148 fuisset,
638 2071 731 2136 facile
754 2071 837 2133 enim
859 2071 897 2135 ob
920 2072 1002 2134 hunc
1023 2069 1228 2153 corruptionis
1256 2087 1348 2132 cona·

217 2174 287 2237 turn
313 2173 374 2255 ipsi
396 2173 429 2236 iu
452 2173 500 2236 ius
529 2172 631 2236 vocari
659 2171 804 2254 poterant
823 2205 866 2215 -
887 2171 983 2235 inuno
1012 2171 1116 2253 potius
1144 2171 1176 2234 id
1197 2188 1348 2253 propono:

217 2278 330 2360 Egisse
352 2297 422 2340 cum
445 2276 510 2340 illis
531 2275 709 2339 hominibus
730 2273 921 2357 Epicratem,
950 2273 986 2336 ut
1006 2291 1058 2337 eos
1080 2272 1113 2337 in
1135 2273 1235 2356 priore
1258 2290 1367 2336 11111.

218 2383 442 2466 corrumperet,
459 2380 526 2457 sed,
546 2380 625 2463 quod
640 2380 681 2443 iis
696 2399 758 2444 non
773 2379 851 2443 satis
865 2378 1013 2461 pecuniae
1027 2378 1236 2461 promisisset,
1252 2377 1350 2441 tastes

219 2485 289 2547 turn
312 2484 419 2547 contra
440 2482 531 2546 illurn
553 2482 585 2544 in
608 2499 701 2544 causa
723 2479 891 2543 exstitisse.

308 2585 412 2650 Socios
435 2583 630 2648 accusatione
653 2582 829 2665 implicatos
852 2582 971 2646 ceteros
994 2580 1066 2647 illos
1080 2580 1241 2666 συλλογῆς
1252 2580 1350 2645 fuisse

222 2710 293 2754 curn
322 2688 475 2754 Schoellio
503 2706 595 2771 supra
620 2688 804 2763 statuimus,
830 2687 884 2768 qui
910 2686 1035 2770 quidem
1063 2687 1123 2751 viri
1151 2687 1267 2770 optime
1295 2708 1349 2752 no-

221 2795 359 2859 minibus
381 2787 529 2878 φύλακες
556 2791 611 2857 καὶ
633 2789 798 2858 κολασταί
820 2792 1054 2875 compellantur.
1106 2792 1165 2858 Sed
1187 2792 1351 2858 mirificam

221 2899 260 2962 de
283 2897 375 2962 sociis
396 2896 552 2979 Epicratis
573 2897 749 2979 opinionem
771 2897 981 2961 Eranclrenius
1002 2897 1089 2980 (pag.
1110 2897 1187 2979 201)
1209 2896 1348 2979 protulit,

220 3020 293 3063 cum
323 2999 513 3081 legationem
542 2997 624 3061 male
654 3000 777 3079 gestam
804 3016 931 3061 causam
956 2998 1049 3061 huius
1076 2998 1226 3063 orationis
1253 2996 1351 3061 fuisse

222 3099 407 3165 contendat:
432 3097 706 3181 „perstringuntur
731 3097 892 3180 Epicrates
921 3098 1047 3185 eiusque
1070 3098 1247 3163 defensores
1269 3100 1351 3162 tam-

223 3223 317 3288 quam
339 3202 416 3266 mali
438 3202 615 3284 demagogi,
645 3202 755 3284 quibus
779 3220 935 3284 nunquam
959 3201 1052 3264 fidem
1079 3202 1192 3266 habere
1215 3203 1351 3286 oportet;

223 3328 298 3373 narn
320 3307 402 3371 male
423 3307 530 3389 gestae
550 3306 716 3389 legationis
739 3306 968 3389 opportunitate
989 3305 1088 3369 utitur
1111 3307 1222 3384 orator,
1245 3308 1282 3369 ut
1303 3307 1351 3369 to-

223 3417 294 3477 tum
316 3413 373 3475 hoc
395 3429 492 3494 genus
515 3410 754 3493 demagogorum
776 3409 982 3492 perstringat,
1010 3408 1049 3472 ab
1073 3426 1168 3490 eoque
1193 3410 1352 3491 tamquam

225 3515 312 3581 fonte
340 3515 486 3578 miseram
518 3513 655 3578 civitatis
689 3513 901 3577 condicionem
927 3512 1075 3596 repetat.“
1130 3510 1250 3574 Nititur
1276 3512 1353 3574 haec

226 3619 389 3704 explicatio
417 3620 450 3682 in
477 3619 669 3695 coniectura,
702 3637 793 3701 quarn
821 3617 871 3681 Er.
899 3617 991 3681 antea
1018 3616 1194 3699 proposuit,
1222 3633 1289 3679 1111
1316 3616 1353 3698 §o

226 3726 337 3810 quarta
365 3724 530 3807 legendum
559 3742 620 3790 non
653 3715 714 3808 ὑφ’
743 3716 853 3801 ὑμῶν
883 3717 1120 3799 καταστάντες,
1155 3721 1209 3786 sed
1239 3723 1354 3786 omissa

226 3823 295 3892 ὑπὸ
321 3825 561 3911 praepositione:
596 3820 743 3910 φύλακες
776 3817 865 3905 ὑμῶν
899 3821 1137 3901 καταστάντες,
1179 3824 1353 3907 significare

227 3930 332 3995 autam
354 3929 430 3992 haec
450 3927 559 3991 verba:
582 3927 655 4009 „qui
678 3926 774 3990 vestri
801 3927 834 4007 (i.
858 3944 883 3989 e.
906 3926 1057 4009 civitatis)
1082 3926 1226 3991 custodes
1257 3927 1354 3991 exorti

228 4034 303 4098 sunt
333 4035 364 4096 et
390 4032 599 4096 maleficorum
627 4031 782 4108 vindices,
811 4031 863 4112 qui
895 4030 1058 4114 magnifice
1085 4032 1292 4114 promiserunt
1321 4051 1354 4095 se

228 4134 312 4198 ciues
335 4135 522 4210 servaturos,
544 4133 701 4197 maleficos
724 4152 742 4196 1
763 4133 850 4197 vobis
874 4151 940 4227 1111
962 4134 1200 4216 prohibituros“

314 4237 383 4299 Hoc
404 4234 589 4298 Franckenii
611 4233 760 4297 iudicium
778 4233 907 4297 minime
930 4252 986 4317 ego
999 4237 1126 4317 probare
1147 4235 1262 4299 ausnn:
1283 4253 1355 4299 narn

231 4381 434 4390 F—m--..

300 4453 327 4519 1)
346 4449 474 4504 Parovius
493 4448 526 4503 de
543 4449 606 4518 Lys.
627 4453 694 4503 orat.
711 4449 763 4503 XX
781 4449 866 4503 forma
885 4455 912 4504 et
929 4450 1045 4503 auctore.
1064 4446 1140 4501 Halia
1156 4446 1222 4499 1819
1242 4459 1303 4513 pag.
1312 4443 1354 4497 44.
