3142 5036
676 272 889 333 *32-

222 455 289 500 esse
311 435 429 499 dictum
443 436 477 516 ¹),
506 435 646 517 quamvis
673 435 855 516 metaphora
883 453 944 497 non
973 435 1062 497 tanta
1083 435 1125 498 sit
1146 437 1261 517 quanta
1282 439 1347 499 τιῖνν

220 529 445 618 ἀδικημάτων.
489 534 679 617 Quapropter
701 534 733 610 in
755 534 929 597 Foertscbii
952 534 1129 598 coniectura
1155 554 1215 598 666
1238 537 1345 618 acqui·

219 640 384 705 escendam
407 639 475 703 erit.
520 639 681 703 Scheibius
694 641 718 720 2)
750 638 889 703 Pollucis
912 640 944 701 et
966 640 1222 721 Harpocrationis
1251 640 1348 705 adno-

217 744 389 808 tationibus
412 743 501 806 61666
522 741 564 805 τά
586 734 776 825 ἀδικήματα
805 742 838 805 16
860 742 1037 806 huiusmodi
1067 743 1144 807 locis
1167 744 1200 807 16
1222 745 1347 808 univer·

219 869 289 913 sum
317 848 463 932 pecunias
493 848 616 930 praeter
646 846 695 910 ius
723 845 831 929 fasque
859 847 924 910 sive
952 846 1074 929 publice
1106 848 1172 912 sive
1200 849 1347 930 privatim

221 955 377 1035 surreptas
399 951 591 1035 significare,
618 950 679 1014 sibi
710 968 892 1031 persuasum
913 950 1015 1013 habet.
1060 950 1147 1028 Quod
1169 951 1347 1034 improban-

218 1059 292 1122 dum
314 1058 446 1134 videtur,
469 1077 539 1121 cum
562 1056 610 1120 bis
631 1056 754 1119 tantum
777 1055 823 1119 sic
842 1054 988 1118 adhibeat
999 1055 1110 1136 Lysias
1128 1056 1216 1120 illam
1239 1075 1346 1121 vocem

217 1163 429 1245 —respicias
460 1164 566 1226 autem
594 1161 712 1225 sertam
743 1161 918 1224 orationum
947 1160 1148 1242 Lysiacarum
1170 1164 1290 1244 partem
1313 1164 1347 1226 16

217 1265 320 1328 666616
349 1264 461 1329 aerarii
491 1262 631 1327 habitam
659 1280 743 1338 esse,
775 1261 885 1344 quibus
913 1261 946 1324 in
979 1260 1082 1325 666616
1113 1262 1284 1326 sexcenties
1307 1260 1347 1323 de

219 1367 350 1450 pecunia
372 1367 488 1432 iniuste
511 1365 629 1429 aerario
652 1364 757 1446 erepta
779 1364 880 1427 crater
903 1363 1050 1445 queritur,
1072 1381 1164 1445 quam
1186 1363 1348 1444 1666161-

222 1472 273 1534 tur
294 1470 437 1534 vocabuli
459 1469 546 1533 illius
575 1467 743 1532 adhibendi
773 1467 893 1532 occasio
923 1468 1038 1531 oratori
1060 1467 1137 1530 fuit!
1183 1467 1248 1545 Quo
1276 1487 1348 1530 cum

217 1575 331 1656 Lysias
353 1593 414 1638 non
438 1573 481 1638 sit
502 1592 587 1648 usus,
611 1572 748 1636 Scheibii
778 1572 954 1636 coniectura
985 1572 1066 1635 haud
1097 1573 1278 1637 verIsimilis
1299 1572 1347 1635 vi-

218 1674 316 1736 detur.
344 1709 387 1717 -
435 1672 635 1754 Hirschigius
671 1664 795 1735 ἀδίκων
825 1667 1006 1756 λημμάτιον
1036 1673 1195 1754 proposuit
1206 1674 1230 1754 ³)
1267 1672 1348 1754 quod

150 1816 154 1821 ·
218 1777 376 1861 probabile
396 1778 479 1841 certe
500 1778 593 1859 atquo
615 1775 776 1839 ferendum
799 1777 864 1850 est3
888 1774 1031 1857 equidem
1054 1793 1124 1838 cum
1147 1793 1271 1857 operam
1291 1794 1347 1838 na·

219 1881 367 1957 vaverIm,
387 1881 423 1944 ut
443 1879 634 1962 probabilius
657 1879 774 1962 aliquid
796 1880 848 1943 hic
871 1879 1047 1956 enucleem,
1078 1880 1111 1943 in
1143 1880 1348 1962 suspitionem

219 1985 315 2050 incidi
337 1986 464 2067 Lysiam
485 1986 646 2068 scripsisse
669 1984 818 2049 fortasse:
848 1981 945 2070 μέρει
980 1986 1045 2046 τῶν
1068 1977 1110 2047 δι’
1135 1976 1349 2069 ἀδικημάτων

220 2091 354 2171 (66111661
375 2084 616 2176 ὑπαρχόντων).
660 2089 742 2153 Nam
765 2090 798 2152 in
820 2086 972 2171 scriptura
994 2088 1166 2152 maiuscula
1193 2086 1346 2149 ΤΩΝΑ-

220 2191 524 2255 ΔΙΚΗΜΛΤΩΝ
553 2190 647 2257 166116
677 2192 711 2255 δι
739 2192 845 2256 omitti
877 2210 967 2273 posse
1000 2190 1199 2256 librariorum
1229 2191 1349 2255 incuria

221 2297 477 2379 palaeographiae
498 2298 634 2379 peritum
656 2296 763 2378 fugere
786 2315 847 2360 non
874 2297 994 2378 potest,
1027 2296 1106 2378 quod
1133 2298 1165 2359 et
1193 2298 1226 2361 δι
1256 2316 1348 2378 66666

220 2421 274 2485 per
296 2402 511 2485 compendium
535 2402 628 2466 scribi
657 2402 776 2466 solebat
825 2402 839 2463 1
866 2401 899 2463 16
929 2401 1018 2464 16616
1047 2401 1253 2464 similitudine
1274 2401 1348 2481 1116-

222 2523 327 2569 rarum
348 2509 387 2567 A
410 2508 442 2568 61
470 2509 501 2566 Δ
531 2506 627 2569 semel
654 2506 727 2587 poni
756 2505 878 2588 poterat
907 2501 959 2566 Ar
985 2525 1039 2587 pro
1069 2508 1348 2583 ,AI‘A,A1‘IIH-

105 2618 118 2643 ·
226 2609 416 2673 ΜΑΊΏΝ.
457 2610 544 2688 Quod
566 2611 645 2674 mihi
668 2610 781 2674 saltem
803 2600 939 2693 aliquam
961 2611 1074 2674 habere
1096 2611 1217 2675 videtur
1238 2612 1349 2693 proba-

221 2712 388 2811 bilitatem.
425 2712 484 2777 Sed
506 2713 672 2794 quaeritur,
695 2733 768 2777 num
791 2706 1008 2796 ὑπαρχόντων
1023 2715 1073 2778 vel
1094 2706 1197 2778 άντων
1216 2716 1268 2793 vel¹
1284 2717 1349 2780 tale

222 2817 295 2899 quid
319 2817 423 2880 omitti
445 2817 596 2899 potuerit3
625 2816 704 2899 quod
726 2836 782 2899 ego
805 2815 1003 2893 crediderim,
1027 2836 1096 2880 cum
1121 2818 1297 2901 Kruegcrus
1315 2820 1348 2882 iu

222 2939 352 3003 graecae
371 2921 594 3003 grammaticae
618 2921 655 3002 §o
678 2922 733 2997 50,
758 2923 796 2985 12
820 2920 920 2985 dicat:
964 2921 1044 2997 „Die
1076 2921 1350 3004 substantivirung

223 3026 276 3090 des
299 3023 337 3088 τδ
360 3044 390 3088 6.
412 3023 453 3088 τά
474 3025 535 3089 mit
556 3025 793 3107 PraposItionen
815 3027 858 3090 ist
880 3026 942 3089 viel
964 3027 1198 3108 ausgedebnter,
1230 3027 1276 3091 als
1298 3027 1349 3091 die

223 3128 277 3191 des
300 3127 502 3203 Masculins“,
532 3128 603 3191 inde
626 3129 795 3210 sequuntur
823 3128 911 3209 plura
934 3127 1088 3210 exempla,
1118 3146 1281 3208 quaerre,
1313 3129 1350 3193 ut
1423 3198 1427 3209 ,

223 3227 301 3292 illud
324 3229 490 3305 coniciam,
521 3230 757 3311 adduxerunt4).
804 3229 851 3293 Α6
876 3249 965 3312 porro
994 3230 1131 3295 Batavus
1160 3231 1349 3295 sententiam

223 3331 255 3412 §i
278 3331 444 3413 septimae,
467 3351 544 3414 quae
567 3333 615 3397 est
635 3332 862 3396 Nicomaoheae
884 3332 921 3413 §o
943 3328 1047 3395 XXIII
1067 3331 1246 3395 simillima:
1269 3355 1349 3397 κοσ-

221 3433 409 3519 μιωτέρους
435 3433 594 3518 ποιήσετε
624 3425 647 3516 ἢ
668 3436 724 3495 νῦν
747 3427 810 3497 εἰσι
834 3432 977 3514 6616616
1007 3433 1114 3496 nostra
1137 3434 1349 3497 6661166666-

222 3554 361 3619 pressam
390 3555 457 3601 esse
488 3537 594 3600 censet
622 3537 725 3600 motus
746 3535 849 3599 verbis
871 3527 893 3620 ἢ
915 3537 969 3598 νῦν
989 3530 1068 3611 εἰσι,
1101 3553 1178 3617 quae
1208 3538 1350 3618 quamvis

222 3659 276 3723 per
295 3659 328 3705 66
350 3661 412 3705 666
434 3642 498 3704 6161
519 3640 707 3716 necessaria,
728 3639 828 3702 totam
850 3641 955 3704 tamen
978 3638 1066 3702 illam
1091 3641 1279 3704 sententiam
1295 3661 1350 3704 cur

224 3745 405 3827 depravent,
429 3744 640 3807 demonstrare
663 3761 724 3806 non
746 3742 864 3816 aueim;
887 3742 982 3805 immo
1004 3742 1081 3804 haec
1099 3741 1191 3805 rerba
1210 3742 1350 3805 eicienda

294 3953 319 4018 1)
339 3951 372 4006 cf.
390 3948 508 4018 Euripid.
528 3948 621 4003 Helen.
641 3964 664 4002 u.
683 3947 734 4001 905
754 3945 902 4007 Ἐατέοςδ
925 3943 939 3999 ὃ
957 3948 1075 4006 πλοῦτος
1090 3940 1187 4006 άδικός
1204 3966 1243 4005 τις
1260 3939 1308 4001 ὤν.

295 4041 325 4107 2)
342 4038 546 4094 Observationes
565 4037 592 4090 16
610 4041 728 4089 oratores
747 4035 851 4101 atticos,
870 4047 1037 4102 programma
1055 4033 1130 4087 Halis
1152 4033 1218 4089 1836
1238 4032 1347 4101 pagffi

293 4130 324 4196 3)
344 4129 524 4193 Miscellanea,
542 4124 733 4181 Amstelodami
752 4125 827 4180 1850.
1069 4130 1072 4135 ·

291 4220 320 4284 4)
341 4219 393 4273 Pro
412 4220 514 4289 ἔχουσι,
535 4216 622 4270 Turio.
638 4213 778 4268 Westerm.
798 4212 885 4266 Bckk.
904 4209 1003 4264 babent
1022 4210 1140 4263 futurum
1161 4210 1260 4271 ἕξουσι.
1278 4209 1347 4279 ’Op-

225 4308 297 4356 θιῦσι
315 4303 466 4370 Ilirschigio
484 4317 537 4355 666
555 4301 658 4368 616661,
675 4298 799 4367 proponit
816 4299 962 4368 ληηιδ-άαι,
986 4292 1056 4360 quod
1079 4308 1112 4345 uc
1135 4292 1274 4346 verisimile
1291 4292 1350 4357 qui·

225 4391 286 4444 dom
304 4393 337 4443 61.
357 4395 371 4457 ξ
388 4395 405 4446 3
423 4396 470 4447 καὶ
488 4392 520 4445 οὗ
539 4395 591 4446 νῦν
611 4392 723 4464 πρῶτον
742 4382 881 4458 ὤφθησαν
900 4388 955 4439 κτλ,
976 4383 1008 4436 cf.
1035 4380 1132 4434 Miillor
1152 4394 1211 4447 pag.
1232 4380 1271 4432 14.
1297 4379 1350 4430 Pro

222 4474 350 4542 ποιήσετε
368 4477 437 4529 malo
454 4476 622 4530 Halbortsma
642 4472 784 4544 ποιήσατε.
